
<record format="UNIMARC" type="Authority">
  <leader>01347nx  f2200253   4500</leader>
  <controlfield tag="001">UMLRM0002</controlfield>
  <datafield tag="100" ind1=" " ind2=" ">
    <subfield code="a">20220924afrey0103    ba0</subfield>
  </datafield>
  <datafield tag="101" ind1="1" ind2=" ">
    <subfield code="a">fre</subfield>
    <subfield code="c">ger</subfield>
  </datafield>
  <datafield tag="102" ind1=" " ind2=" ">
    <subfield code="a">FR</subfield>
  </datafield>
  <datafield tag="104" ind1=" " ind2=" ">
    <subfield code="a">d1995</subfield>
  </datafield>
  <datafield tag="105" ind1=" " ind2=" ">
    <subfield code="a">ba</subfield>
  </datafield>
  <datafield tag="127" ind1=" " ind2=" ">
    <subfield code="a">010000</subfield>
  </datafield>
  <datafield tag="145" ind1=" " ind2=" ">
    <subfield code="a">b</subfield>
    <subfield code="b">xa2ea</subfield>
  </datafield>
  <datafield tag="145" ind1=" " ind2=" ">
    <subfield code="a">tdi</subfield>
    <subfield code="b">rdacontent</subfield>
  </datafield>
  <datafield tag="147" ind1=" " ind2=" ">
    <subfield code="a">a</subfield>
    <subfield code="e">d</subfield>
    <subfield code="h">a</subfield>
  </datafield>
  <datafield tag="152" ind1=" " ind2=" ">
    <subfield code="a">RDA-FR</subfield>
  </datafield>
  <datafield tag="154" ind1=" " ind2=" ">
    <subfield code="a">xb</subfield>
  </datafield>
  <datafield tag="232" ind1=" " ind2=" ">
    <subfield code="3">UMLRM0001</subfield>
    <subfield code="7">ba0yba0y</subfield>
    <subfield code="8">freger</subfield>
    <subfield code="a">Nosferatu, eine Symphonie des Grauens</subfield>
    <subfield code="c">film</subfield>
    <subfield code="l">Version restaurée</subfield>
    <subfield code="w">60mn</subfield>
    <subfield code="o">1995</subfield>
    <subfield code="m">Français</subfield>
  </datafield>
  <datafield tag="371" ind1=" " ind2=" ">
    <subfield code="f">Film muet avec intertitres en français</subfield>
    <subfield code="f">Version restaurée, restauration de 1995 : 60 min (24 im./s), musique de Galeshka Moravioff</subfield>
  </datafield>
  <datafield tag="502" ind1=" " ind2="1">
    <subfield code="3">14122771</subfield>
    <subfield code="7">ba0yba0y</subfield>
    <subfield code="8">fre###</subfield>
    <subfield code="o">ISNI 0000 0000 0886 412X</subfield>
    <subfield code="a">Moravioff</subfield>
    <subfield code="b">Galeshka</subfield>
    <subfield code="4">230</subfield>
  </datafield>
  <datafield tag="532" ind1=" " ind2=" ">
    <subfield code="5">xxq</subfield>
    <subfield code="3">UMLRM0175</subfield>
    <subfield code="7">ba0yba0y</subfield>
    <subfield code="8">frefre</subfield>
    <subfield code="a">Les grands classiques du cinéma allemand</subfield>
    <subfield code="k">RDM vidéo</subfield>
    <subfield code="m">Anglais, allemand, français ; sous-titrage en français</subfield>
    <subfield code="n">Image animée</subfield>
  </datafield>
  <datafield tag="640" ind1="5" ind2=" ">
    <subfield code="0">Date de restauration</subfield>
    <subfield code="f">#1995#####</subfield>
  </datafield>
  <datafield tag="810" ind1=" " ind2=" ">
    <subfield code="a">Nosferatu / réalisation Friedrich W. Murnau ; d’après le roman &quot;Dracula&quot; de Bram Stoker ; scénario et adaptation Henrik Galeen ; avec Max Schreck, Greta Schroeder, Gustav von Wangenheim... [et autres]. - [Sannois] : RDM vidéo [éditeur, distributeur], [DL 2012]. - [Image animée : (video]</subfield>
  </datafield>
  <datafield tag="810" ind1=" " ind2=" ">
    <subfield code="a">Wikipédia : https://fr.wikipedia.org/wiki/Nosferatu_le_vampire (2020-12-28)</subfield>
    <subfield code="b">Version restaurée</subfield>
  </datafield>
</record>