
<record format="UNIMARC" type="Authority">
  <leader>05426cx  h2200637   4500</leader>
  <controlfield tag="001">UMLRM0004</controlfield>
  <controlfield tag="005">20220905######.D</controlfield>
  <datafield tag="033" ind1=" " ind2=" ">
    <subfield code="a">http://ark.bnf.fr/ark:/12148/cb12312986p</subfield>
    <subfield code="2">BnF</subfield>
  </datafield>
  <datafield tag="033" ind1=" " ind2=" ">
    <subfield code="a">http://viaf.org/viaf/194144783017853134071</subfield>
    <subfield code="2">Viaf</subfield>
  </datafield>
  <datafield tag="033" ind1=" " ind2=" ">
    <subfield code="a">https://www.wikidata.org/wiki/Q41542</subfield>
    <subfield code="2">Wikidata</subfield>
  </datafield>
  <datafield tag="033" ind1=" " ind2=" ">
    <subfield code="a">https://data.bnf.fr/ark:/12148/cb12312986p</subfield>
    <subfield code="2">data.bnf.fr</subfield>
  </datafield>
  <datafield tag="035" ind1=" " ind2=" ">
    <subfield code="a">03202066X</subfield>
    <subfield code="2">SUDOC</subfield>
  </datafield>
  <datafield tag="100" ind1=" " ind2=" ">
    <subfield code="a">20220825afrey50      ba0</subfield>
  </datafield>
  <datafield tag="101" ind1="0" ind2=" ">
    <subfield code="a">eng</subfield>
  </datafield>
  <datafield tag="102" ind1=" " ind2=" ">
    <subfield code="a">GB</subfield>
  </datafield>
  <datafield tag="104" ind1=" " ind2=" ">
    <subfield code="a">d1897</subfield>
  </datafield>
  <datafield tag="125" ind1="0" ind2=" ">
    <subfield code="a">m</subfield>
  </datafield>
  <datafield tag="140" ind1=" " ind2=" ">
    <subfield code="a">te</subfield>
    <subfield code="b">rofan</subfield>
    <subfield code="2">BnF-GenreLitt</subfield>
  </datafield>
  <datafield tag="140" ind1=" " ind2=" ">
    <subfield code="a">te</subfield>
    <subfield code="b">roepi</subfield>
    <subfield code="2">BnF-GenreLitt</subfield>
  </datafield>
  <datafield tag="145" ind1="0" ind2=" ">
    <subfield code="a">i</subfield>
  </datafield>
  <datafield tag="152" ind1=" " ind2=" ">
    <subfield code="a">RDA-FR</subfield>
  </datafield>
  <datafield tag="154" ind1=" " ind2=" ">
    <subfield code="a">xa</subfield>
  </datafield>
  <datafield tag="241" ind1=" " ind2="1">
    <subfield code="3">11925586</subfield>
    <subfield code="o">ISNI 0000 0001 2122 2356</subfield>
    <subfield code="a">Stoker, Bram (1847-1912)</subfield>
    <subfield code="t">Dracula</subfield>
    <subfield code="7">ba0yba0y</subfield>
    <subfield code="8">freeng</subfield>
  </datafield>
  <datafield tag="378" ind1=" " ind2=" ">
    <subfield code="a">Le Dracula de Bram Stoker est une application très réussie du roman épistolaire au genre fantastique. Tout commence avec le journal de Jonathan Harker, jeune clerc de notaire envoyé en Transylvanie alors qu’il est sur le point d’épouser sa fiancée, Mina Murray. Jonathan Harker a pour mission de rencontrer le comte Dracula, lequel vient de se porter acquéreur d’une propriété dans les environs de Londres. Une fois entre les murs sinistres et inquiétants du château du comte, Jonathan Harker se rend très vite à l’évidence: si Dracula le laisse aller presque à sa guise dans le château, il n’en demeure pas moins prisonnier de l’antique demeure et de son maître de maison. Et tandis que Jonathan se retrouve confronté non seulement à lui-même et à ses convictions, mais aussi à des créatures plus diaboliques qu’humaines, le comte prépare son départ vers Londres…</subfield>
    <subfield code="b">Vampirisme.com</subfield>
    <subfield code="z">fre</subfield>
  </datafield>
  <datafield tag="501" ind1=" " ind2="1">
    <subfield code="3">11925586</subfield>
    <subfield code="7">ba0yba0y</subfield>
    <subfield code="8">freeng</subfield>
    <subfield code="o">ISNI 0000 0001 2122 2356</subfield>
    <subfield code="a">Stoker</subfield>
    <subfield code="b">Bram</subfield>
    <subfield code="f">1847-1912</subfield>
    <subfield code="4">070</subfield>
  </datafield>
  <datafield tag="531" ind1=" " ind2=" ">
    <subfield code="5">xxr</subfield>
    <subfield code="p">Oeuvre étudiée dans</subfield>
    <subfield code="3">UMLRM0081</subfield>
    <subfield code="7">ba0yba0y</subfield>
    <subfield code="8">freeng</subfield>
    <subfield code="a">&quot;Dracula&quot; : l&apos;oeuvre de Bram Stoker et le film de Francis F. Coppola</subfield>
  </datafield>
  <datafield tag="531" ind1=" " ind2=" ">
    <subfield code="5">xxf</subfield>
    <subfield code="p">A pour illustration</subfield>
    <subfield code="3">UMLRM0152</subfield>
    <subfield code="7">ba0yba0y</subfield>
    <subfield code="8">frefre</subfield>
    <subfield code="a">[Photographies extraites du film &quot;Dracula&quot; de Tod Browning]</subfield>
    <subfield code="k">Tallandier</subfield>
    <subfield code="d">1932</subfield>
  </datafield>
  <datafield tag="531" ind1=" " ind2=" ">
    <subfield code="5">xxm</subfield>
    <subfield code="3">UMLRM0154</subfield>
    <subfield code="7">ba0yba0y</subfield>
    <subfield code="8">fre###</subfield>
    <subfield code="a">Dracula</subfield>
    <subfield code="c">film</subfield>
    <subfield code="d">1931</subfield>
  </datafield>
  <datafield tag="531" ind1=" " ind2=" ">
    <subfield code="5">xxm</subfield>
    <subfield code="3">UMLRM0007</subfield>
    <subfield code="7">ba0yba0y</subfield>
    <subfield code="8">freger</subfield>
    <subfield code="a">Nosferatu, Phantom der Nacht</subfield>
    <subfield code="c">film</subfield>
  </datafield>
  <datafield tag="531" ind1=" " ind2=" ">
    <subfield code="5">xxm</subfield>
    <subfield code="3">UMLRM0135</subfield>
    <subfield code="7">ba0yba0y</subfield>
    <subfield code="8">freeng</subfield>
    <subfield code="a">Dracula, pages from a virgin&apos;s diary</subfield>
    <subfield code="c">film</subfield>
  </datafield>
  <datafield tag="531" ind1=" " ind2=" ">
    <subfield code="5">xxm</subfield>
    <subfield code="3">UMLRM0090</subfield>
    <subfield code="7">ba0yba0y</subfield>
    <subfield code="8">freeng</subfield>
    <subfield code="a">Nosferatu, the wrath of Malachi</subfield>
    <subfield code="c">jeu vidéo</subfield>
  </datafield>
  <datafield tag="531" ind1=" " ind2=" ">
    <subfield code="5">xxm</subfield>
    <subfield code="3">UMLRM0105</subfield>
    <subfield code="7">ba0yba0y</subfield>
    <subfield code="8">freeng</subfield>
    <subfield code="a">Dracula has risen from the grave</subfield>
    <subfield code="c">film</subfield>
  </datafield>
  <datafield tag="531" ind1=" " ind2=" ">
    <subfield code="5">xxm</subfield>
    <subfield code="3">UMLRM0180</subfield>
    <subfield code="7">ba0yba0y</subfield>
    <subfield code="8">freeng</subfield>
    <subfield code="a">Dracula</subfield>
    <subfield code="c">film ; série</subfield>
  </datafield>
  <datafield tag="531" ind1=" " ind2=" ">
    <subfield code="5">xxc</subfield>
    <subfield code="p">A pour adaptation dans un autre mode de création de [œuvre]</subfield>
    <subfield code="3">UMLRM0001</subfield>
    <subfield code="7">ba0yba0y</subfield>
    <subfield code="8">freger</subfield>
    <subfield code="a">Nosferatu, eine Symphonie des Grauens</subfield>
    <subfield code="c">film</subfield>
  </datafield>
  <datafield tag="531" ind1=" " ind2=" ">
    <subfield code="5">xxc</subfield>
    <subfield code="p">A pour adaptation dans un autre mode de création de [œuvre]</subfield>
    <subfield code="3">UMLRM0078</subfield>
    <subfield code="7">ba0yba0y</subfield>
    <subfield code="8">freeng</subfield>
    <subfield code="a">Bram Stoker&apos;s Dracula</subfield>
    <subfield code="c">film</subfield>
  </datafield>
  <datafield tag="531" ind1=" " ind2=" ">
    <subfield code="5">xxc</subfield>
    <subfield code="p">A pour adaptation dans un autre mode de création de [œuvre]</subfield>
    <subfield code="3">UMLRM0191</subfield>
    <subfield code="7">ba0yba0y</subfield>
    <subfield code="8">freeng</subfield>
    <subfield code="a">Dracula</subfield>
    <subfield code="c">émission radiophonique</subfield>
    <subfield code="d">1938</subfield>
  </datafield>
  <datafield tag="531" ind1=" " ind2=" ">
    <subfield code="5">xxc</subfield>
    <subfield code="p">A pour parodie</subfield>
    <subfield code="3">UMLRM0120</subfield>
    <subfield code="7">ba0yba0y</subfield>
    <subfield code="8">freeng</subfield>
    <subfield code="a">Dracula, dead and loving it</subfield>
    <subfield code="c">film</subfield>
  </datafield>
  <datafield tag="531" ind1=" " ind2=" ">
    <subfield code="5">xxr</subfield>
    <subfield code="p">Oeuvre étudiée dans</subfield>
    <subfield code="3">UMLRM0081</subfield>
    <subfield code="7">ba0yba0y</subfield>
    <subfield code="8">freeng</subfield>
    <subfield code="a">&quot;Dracula&quot; : l&apos;oeuvre de Bram Stoker et le film de Francis F. Coppola</subfield>
  </datafield>
  <datafield tag="541" ind1=" " ind2="1">
    <subfield code="5">xxk</subfield>
    <subfield code="p">A pour œuvre préparatoire</subfield>
    <subfield code="3">UMLRM0126</subfield>
    <subfield code="7">ba0yba0y</subfield>
    <subfield code="8">freeng</subfield>
    <subfield code="a">Stoker, Bram (1847-1912)</subfield>
    <subfield code="t">Manuscrits</subfield>
    <subfield code="c">Choix</subfield>
    <subfield code="k">Eighteen-Bisang ; Miller</subfield>
  </datafield>
  <datafield tag="541" ind1=" " ind2="1">
    <subfield code="5">xxm</subfield>
    <subfield code="3">UMLRM0099</subfield>
    <subfield code="7">ba0yba0y</subfield>
    <subfield code="8">frefre</subfield>
    <subfield code="a">Druillet, Philippe (1944-....)</subfield>
    <subfield code="t">Nosferatu</subfield>
  </datafield>
  <datafield tag="541" ind1=" " ind2="1">
    <subfield code="5">xxr</subfield>
    <subfield code="p">A pour sélection [oeuvre]</subfield>
    <subfield code="3">UMLRM0037</subfield>
    <subfield code="7">ba0yba0y</subfield>
    <subfield code="8">fre###</subfield>
    <subfield code="a">Stoker, Bram (1847-1912)</subfield>
    <subfield code="t">Dracula</subfield>
    <subfield code="c">Choix</subfield>
    <subfield code="k">Cassou-Noguès ; Langenhagen</subfield>
    <subfield code="7">ba0yba0y</subfield>
    <subfield code="8">freeng</subfield>
  </datafield>
  <datafield tag="541" ind1=" " ind2="1">
    <subfield code="5">xxc</subfield>
    <subfield code="p">A pour adaptation pour la jeunesse dans le même mode création [œuvre]</subfield>
    <subfield code="3">UMLRM0034</subfield>
    <subfield code="7">ba0yba0y</subfield>
    <subfield code="8">freeng</subfield>
    <subfield code="a">Humphries, Tudor (1953-….)</subfield>
    <subfield code="t">Dracula</subfield>
  </datafield>
  <datafield tag="541" ind1=" " ind2="1">
    <subfield code="5">xxi</subfield>
    <subfield code="p">A pour antépisode</subfield>
    <subfield code="3">UMLRM0075</subfield>
    <subfield code="7">ba0yba0y</subfield>
    <subfield code="8">freeng</subfield>
    <subfield code="a">Stoker, Bram (1847-1912)</subfield>
    <subfield code="t">Dracula&apos;s guest</subfield>
  </datafield>
  <datafield tag="541" ind1=" " ind2="1">
    <subfield code="5">xxh</subfield>
    <subfield code="p">A pour suite</subfield>
    <subfield code="3">UMLRM0114</subfield>
    <subfield code="7">ba0yba0y</subfield>
    <subfield code="8">freeng</subfield>
    <subfield code="a">Stoker, Dacre</subfield>
    <subfield code="3">16166639</subfield>
    <subfield code="o">ISNI 0000 0001 0923 8478</subfield>
    <subfield code="a">Holt, Ian (1964-….)</subfield>
    <subfield code="t">Dracula, the un-dead</subfield>
  </datafield>
  <datafield tag="608" ind1=" " ind2=" ">
    <subfield code="3">17863011</subfield>
    <subfield code="a">Roman fantastique</subfield>
    <subfield code="2">rameauGenre</subfield>
  </datafield>
  <datafield tag="608" ind1=" " ind2=" ">
    <subfield code="3">11949798</subfield>
    <subfield code="a">Roman épistolaire</subfield>
    <subfield code="2">rameauGenre</subfield>
  </datafield>
  <datafield tag="640" ind1="6" ind2=" ">
    <subfield code="0">Date de première publication</subfield>
    <subfield code="f">#1897#####</subfield>
  </datafield>
  <datafield tag="640" ind1="5" ind2=" ">
    <subfield code="0">Date d’écriture</subfield>
    <subfield code="f">#18900308#</subfield>
    <subfield code="i">#18970526#</subfield>
  </datafield>
  <datafield tag="676" ind1=" " ind2=" ">
    <subfield code="a">823</subfield>
    <subfield code="v">23</subfield>
  </datafield>
  <datafield tag="801" ind1=" " ind2="0">
    <subfield code="a">FR</subfield>
    <subfield code="b">FR-751052119</subfield>
    <subfield code="c">20220905</subfield>
  </datafield>
  <datafield tag="810" ind1=" " ind2=" ">
    <subfield code="a">Dictionnaire historique, thématique et technique des littératures : littératures française et étrangères, anciennes et modernes / sous la direction de. Jacques Demougin. – Paris : Larousse, 1985-1986. – [Texte noté : sans médiation]. Sous : Stoker, Abraham, dit Bram</subfield>
  </datafield>
  <datafield tag="810" ind1=" " ind2=" ">
    <subfield code="a">The Oxford companion to English literature. – Fifth ed. / edited by Margaret Drabble. – Oxford : Oxford university press, 1985. – ISBN 0-19-866130-4. Sous : Dracula et sous : Stoker, Bram (Abraham)</subfield>
  </datafield>
  <datafield tag="810" ind1=" " ind2=" ">
    <subfield code="a">Wikidata : https://www.wikidata.org/wiki/Q41542. (2022-09-13)</subfield>
    <subfield code="b">Date de création : 8 mars 1890 - 26 mai 1897</subfield>
  </datafield>
  <datafield tag="810" ind1=" " ind2=" ">
    <subfield code="a">Dracula / Bram Stoker ; traduit de l&apos;anglais par Lucienne Molitor ; introduction de Tony Faivre. – Verviers : Gérard et Cie, 1963. – [Texte noté : sans médiation]</subfield>
  </datafield>
  <datafield tag="810" ind1=" " ind2=" ">
    <subfield code="a">Vampirisme.com : https://www.vampirisme.com/livre/dracula-de-bram-stoker/ (2022-09-18)</subfield>
    <subfield code="b">Résumé</subfield>
  </datafield>
  <datafield tag="810" ind1=" " ind2=" ">
    <subfield code="a">Data.bnf.fr - https://data.bnf.fr/12312986/bram_stoker_dracula/</subfield>
  </datafield>
</record>