
<record format="UNIMARC" type="Authority">
  <leader>00850cx  f2200217   4500</leader>
  <controlfield tag="001">UMLRM0008</controlfield>
  <controlfield tag="005">20220725112526</controlfield>
  <datafield tag="100" ind1=" " ind2=" ">
    <subfield code="a">20220721afrey50      ba0</subfield>
  </datafield>
  <datafield tag="101" ind1="1" ind2=" ">
    <subfield code="a">fre</subfield>
    <subfield code="c">ger</subfield>
    <subfield code="j">fre</subfield>
  </datafield>
  <datafield tag="102" ind1=" " ind2=" ">
    <subfield code="a"> FR</subfield>
  </datafield>
  <datafield tag="104" ind1=" " ind2=" ">
    <subfield code="a">d1979</subfield>
  </datafield>
  <datafield tag="105" ind1=" " ind2=" ">
    <subfield code="a">ba</subfield>
  </datafield>
  <datafield tag="145" ind1=" " ind2=" ">
    <subfield code="a">b</subfield>
    <subfield code="b">xa2ae</subfield>
  </datafield>
  <datafield tag="147" ind1="1" ind2=" ">
    <subfield code="a">g</subfield>
    <subfield code="e">c</subfield>
    <subfield code="h">c</subfield>
  </datafield>
  <datafield tag="152" ind1=" " ind2=" ">
    <subfield code="a"> RDA-FR</subfield>
  </datafield>
  <datafield tag="154" ind1=" " ind2=" ">
    <subfield code="a">xb</subfield>
  </datafield>
  <datafield tag="232" ind1=" " ind2=" ">
    <subfield code="3">UMLRM0007</subfield>
    <subfield code="7">ba0yba0y</subfield>
    <subfield code="8">freger</subfield>
    <subfield code="a">Nosferatu, Phantom der Nacht</subfield>
    <subfield code="c">film</subfield>
    <subfield code="m">français</subfield>
  </datafield>
  <datafield tag="371" ind1=" " ind2=" ">
    <subfield code="a">Surround</subfield>
    <subfield code="c">Sous-titrage en français pour malentendants</subfield>
  </datafield>
  <datafield tag="432" ind1=" " ind2=" ">
    <subfield code="7">ba0yba0y</subfield>
    <subfield code="8">frefre</subfield>
    <subfield code="a">Nosferatu, fantôme de la nuit</subfield>
    <subfield code="c">film</subfield>
    <subfield code="m">français</subfield>
  </datafield>
  <datafield tag="801" ind1=" " ind2="0">
    <subfield code="a">FR</subfield>
    <subfield code="b">751043001</subfield>
    <subfield code="c">20220725</subfield>
  </datafield>
  <datafield tag="810" ind1=" " ind2=" ">
    <subfield code="a">Nosferatu fantôme de la nuit / un film de Werner Herzog ; Isabelle Adjani, Klaus Kinski, [Bruno Ganz... [et autres, acteurs ; musique de Florian Fricke, Popol Vuh]. - [Neuilly-sur-Seine] : Gaumont vidéo, [DL 2010]. – [Images animées : vidéo]</subfield>
  </datafield>
</record>