
<record format="UNIMARC" type="Authority">
  <leader>01211cx  h2200277   4500</leader>
  <controlfield tag="001">UMLRM0010</controlfield>
  <controlfield tag="005">20220927######.D</controlfield>
  <datafield tag="100" ind1=" " ind2=" ">
    <subfield code="a">20220927afrey50      ba0</subfield>
  </datafield>
  <datafield tag="101" ind1="0" ind2=" ">
    <subfield code="a">fre</subfield>
  </datafield>
  <datafield tag="102" ind1=" " ind2=" ">
    <subfield code="a">FR</subfield>
  </datafield>
  <datafield tag="104" ind1=" " ind2=" ">
    <subfield code="a">d2021</subfield>
  </datafield>
  <datafield tag="125" ind1="0" ind2="2">
    <subfield code="a">k</subfield>
  </datafield>
  <datafield tag="140" ind1=" " ind2=" ">
    <subfield code="a">te</subfield>
    <subfield code="b">etdoc</subfield>
    <subfield code="2">BnF-FonctTexMix</subfield>
  </datafield>
  <datafield tag="145" ind1="0" ind2=" ">
    <subfield code="a">i</subfield>
  </datafield>
  <datafield tag="152" ind1=" " ind2=" ">
    <subfield code="a">RDA-FR</subfield>
  </datafield>
  <datafield tag="154" ind1=" " ind2=" ">
    <subfield code="a">xa</subfield>
  </datafield>
  <datafield tag="241" ind1=" " ind2="1">
    <subfield code="3">15057905</subfield>
    <subfield code="a">Palma, Paola (1971-….)</subfield>
    <subfield code="3">15055051</subfield>
    <subfield code="a">Vezyroglou, Dimitri (1970-….)</subfield>
    <subfield code="t">&quot;Nosferatu le vampire&quot;</subfield>
    <subfield code="7">ba0yba0y</subfield>
    <subfield code="8">frefre</subfield>
  </datafield>
  <datafield tag="370" ind1=" " ind2=" ">
    <subfield code="a">Bibliographie (8 pages)</subfield>
    <subfield code="a">Webliographie (2 pages)</subfield>
    <subfield code="a">Filmographie (3 pages)</subfield>
    <subfield code="a">Glossaire</subfield>
  </datafield>
  <datafield tag="501" ind1=" " ind2="1">
    <subfield code="3">15057905</subfield>
    <subfield code="7">ba0yba0y</subfield>
    <subfield code="8">fre###</subfield>
    <subfield code="o">ISNI 0000 0000 0254 6542</subfield>
    <subfield code="a">Palma</subfield>
    <subfield code="b">Paola</subfield>
    <subfield code="f">1971-….</subfield>
    <subfield code="4">070</subfield>
  </datafield>
  <datafield tag="501" ind1=" " ind2="1">
    <subfield code="3">15055051</subfield>
    <subfield code="7">ba0yba0y</subfield>
    <subfield code="8">fre###</subfield>
    <subfield code="o">ISNI 0000 0001 2027 9756</subfield>
    <subfield code="a">Vezyroglou</subfield>
    <subfield code="b">Dimitri</subfield>
    <subfield code="f">1970-….</subfield>
    <subfield code="4">070</subfield>
  </datafield>
  <datafield tag="631" ind1=" " ind2=" ">
    <subfield code="3">UMLRM0007</subfield>
    <subfield code="7">ba0yba0y</subfield>
    <subfield code="8">freger</subfield>
    <subfield code="a">Nosferatu, Phantom des Nacht</subfield>
    <subfield code="c">film</subfield>
  </datafield>
  <datafield tag="631" ind1=" " ind2=" ">
    <subfield code="3">UMLRM0001</subfield>
    <subfield code="7">ba0yba0y</subfield>
    <subfield code="8">freger</subfield>
    <subfield code="a">Nosferatu, eine Symphonie des Grauens</subfield>
    <subfield code="c">film</subfield>
  </datafield>
  <datafield tag="640" ind1="6" ind2=" ">
    <subfield code="0">Date de première publication</subfield>
    <subfield code="f">#2021#####</subfield>
  </datafield>
  <datafield tag="676" ind1=" " ind2=" ">
    <subfield code="a">791.437 2</subfield>
    <subfield code="v">23</subfield>
  </datafield>
  <datafield tag="801" ind1=" " ind2="0">
    <subfield code="a">FR</subfield>
    <subfield code="b">FR-751052119</subfield>
    <subfield code="c">20220927</subfield>
  </datafield>
  <datafield tag="810" ind1=" " ind2=" ">
    <subfield code="a">&quot;Nosferatu le vampire&quot; / Paola Palma, Dimitri Vezyroglou. – Neuilly : Atlande, DL 2021. – [Texte noté : sans médiation]. – ISBN 978-2-35030-689-6</subfield>
  </datafield>
</record>