
<record format="UNIMARC" type="Authority">
  <leader>01391cx  f2200301   4500</leader>
  <controlfield tag="001">UMLRM0013</controlfield>
  <controlfield tag="005">20220712.......D</controlfield>
  <datafield tag="100" ind1=" " ind2=" ">
    <subfield code="a">20060703afrey50      ba0</subfield>
  </datafield>
  <datafield tag="101" ind1="0" ind2=" ">
    <subfield code="a">fre</subfield>
  </datafield>
  <datafield tag="102" ind1=" " ind2=" ">
    <subfield code="a">FR</subfield>
  </datafield>
  <datafield tag="104" ind1=" " ind2=" ">
    <subfield code="a">d2005</subfield>
  </datafield>
  <datafield tag="125" ind1="0" ind2=" ">
    <subfield code="a">m</subfield>
  </datafield>
  <datafield tag="140" ind1=" " ind2=" ">
    <subfield code="a">mi</subfield>
    <subfield code="b">progr</subfield>
    <subfield code="2">BnF-FonctIco</subfield>
  </datafield>
  <datafield tag="145" ind1="0" ind2=" ">
    <subfield code="a">b</subfield>
    <subfield code="b">xb2e</subfield>
  </datafield>
  <datafield tag="145" ind1="0" ind2=" ">
    <subfield code="a">i</subfield>
  </datafield>
  <datafield tag="147" ind1="0" ind2=" ">
    <subfield code="a">h</subfield>
  </datafield>
  <datafield tag="152" ind1=" " ind2=" ">
    <subfield code="a">RDA-FR</subfield>
  </datafield>
  <datafield tag="154" ind1=" " ind2=" ">
    <subfield code="a">xa</subfield>
  </datafield>
  <datafield tag="231" ind1=" " ind2=" ">
    <subfield code="a">Jean-Claude Gallotta, Nosferatu, ballet de l&apos;Opéra</subfield>
    <subfield code="c">programme</subfield>
    <subfield code="d">2006-05</subfield>
    <subfield code="7">ba0yba0y</subfield>
    <subfield code="8">frefre</subfield>
  </datafield>
  <datafield tag="370" ind1=" " ind2=" ">
    <subfield code="a">Présence d’illustrations</subfield>
  </datafield>
  <datafield tag="511" ind1="0" ind2="2">
    <subfield code="5">x|x|a</subfield>
    <subfield code="3">11865646</subfield>
    <subfield code="o">ISNI 0000 0001 2322 4603</subfield>
    <subfield code="a">Opéra national de Paris</subfield>
    <subfield code="4">651</subfield>
  </datafield>
  <datafield tag="515" ind1=" " ind2=" ">
    <subfield code="0">Lieu de l’événement à l’origine de l’œuvre</subfield>
    <subfield code="a">Opéra Bastille (Paris, France ; lieu)</subfield>
  </datafield>
  <datafield tag="608" ind1=" " ind2=" ">
    <subfield code="3">11977006</subfield>
    <subfield code="a">Programmes</subfield>
    <subfield code="2">rameauForme</subfield>
  </datafield>
  <datafield tag="632" ind1=" " ind2=" ">
    <subfield code="3">UMLRM0148</subfield>
    <subfield code="7">ba0yba0y</subfield>
    <subfield code="8">frefre</subfield>
    <subfield code="a">Nosferatu</subfield>
    <subfield code="c">spectacle</subfield>
    <subfield code="d">2001</subfield>
    <subfield code="e">Paris ; Opéra Bastille</subfield>
    <subfield code="l">Réalisation</subfield>
  </datafield>
  <datafield tag="640" ind1="6" ind2=" ">
    <subfield code="0">Date de copyright de la première expression</subfield>
    <subfield code="f">#2005#####</subfield>
  </datafield>
  <datafield tag="641" ind1=" " ind2="1">
    <subfield code="3">UMLRM0142</subfield>
    <subfield code="7">ba0yba0y</subfield>
    <subfield code="8">frefre</subfield>
    <subfield code="a">Gallotta, Jean-Claude (1950-....)</subfield>
    <subfield code="t">Nosferatu</subfield>
  </datafield>
  <datafield tag="801" ind1=" " ind2="0">
    <subfield code="a">FR</subfield>
    <subfield code="b">FR-751131015</subfield>
    <subfield code="c">20220920</subfield>
  </datafield>
  <datafield tag="810" ind1=" " ind2=" ">
    <subfield code="a"> Jean-Claude Gallotta, Nosferatu, ballet de l&apos;Opéra: [chorégraphie de Jean-Claude Gallotta, musiques de Pascal Dusapin] : [programme, 6 mai 2006, Opéra national de Paris, Opéra Bastille] / Opéra national de Paris. – Paris : Opéra national de Paris, copyright 2005. – [Texte noté. Image fixe : sans médiation]</subfield>
  </datafield>
</record>