
<record format="UNIMARC" type="Authority">
  <leader>01028cx  f2200229   4500</leader>
  <controlfield tag="001">UMLRM0014</controlfield>
  <controlfield tag="005">20220712.......D</controlfield>
  <datafield tag="100" ind1=" " ind2=" ">
    <subfield code="a">20060703afrey50      ba0</subfield>
  </datafield>
  <datafield tag="101" ind1="0" ind2=" ">
    <subfield code="a">fre</subfield>
  </datafield>
  <datafield tag="102" ind1=" " ind2=" ">
    <subfield code="a">FR</subfield>
  </datafield>
  <datafield tag="104" ind1=" " ind2=" ">
    <subfield code="a">d2005</subfield>
  </datafield>
  <datafield tag="105" ind1=" " ind2=" ">
    <subfield code="a">ba</subfield>
  </datafield>
  <datafield tag="145" ind1="0" ind2=" ">
    <subfield code="a">b</subfield>
    <subfield code="b">xb2e</subfield>
  </datafield>
  <datafield tag="145" ind1="0" ind2=" ">
    <subfield code="a">i</subfield>
    <subfield code="b">axxe</subfield>
  </datafield>
  <datafield tag="147" ind1="0" ind2=" ">
    <subfield code="a">h</subfield>
  </datafield>
  <datafield tag="152" ind1=" " ind2=" ">
    <subfield code="a">RDA-FR</subfield>
  </datafield>
  <datafield tag="154" ind1=" " ind2=" ">
    <subfield code="a">xb</subfield>
  </datafield>
  <datafield tag="232" ind1=" " ind2=" ">
    <subfield code="3">UMLRM0013</subfield>
    <subfield code="7">ba0yba0y</subfield>
    <subfield code="8">frefre</subfield>
    <subfield code="a">Jean-Claude Gallotta, Nosferatu, ballet de l&apos;Opéra</subfield>
    <subfield code="c">programme</subfield>
    <subfield code="d">2006-05</subfield>
    <subfield code="n">Texte noté. Image fixe</subfield>
  </datafield>
  <datafield tag="300" ind1=" " ind2=" ">
    <subfield code="a">Réunit des analyses sur l’œuvre présentée, l&apos;argument du ballet et des notices biographiques sur les interprètes</subfield>
  </datafield>
  <datafield tag="640" ind1="6" ind2=" ">
    <subfield code="0">Date de copyright de l’expression</subfield>
    <subfield code="f">#2005#####</subfield>
  </datafield>
  <datafield tag="801" ind1=" " ind2="0">
    <subfield code="a">FR</subfield>
    <subfield code="b">FR-751131015</subfield>
    <subfield code="c">20220920</subfield>
  </datafield>
  <datafield tag="810" ind1=" " ind2=" ">
    <subfield code="a"> Jean-Claude Gallotta, Nosferatu, ballet de l&apos;Opéra: [chorégraphie de Jean-Claude Gallotta, musiques de Pascal Dusapin] : [programme, 6 mai 2006, Opéra national de Paris, Opéra Bastille] / Opéra national de Paris. – Paris : Opéra national de Paris, copyright 2005. – [Texte noté. Image fixe : sans médiation]</subfield>
  </datafield>
</record>