
<record format="UNIMARC" type="Authority">
  <leader>01288cx  h2200253   4500</leader>
  <controlfield tag="001">UMLRM0020</controlfield>
  <controlfield tag="005">20220905######.D</controlfield>
  <datafield tag="100" ind1=" " ind2=" ">
    <subfield code="a">20220826afrey50      ba0</subfield>
  </datafield>
  <datafield tag="101" ind1="1" ind2=" ">
    <subfield code="a">fre</subfield>
    <subfield code="c">eng</subfield>
  </datafield>
  <datafield tag="102" ind1=" " ind2=" ">
    <subfield code="a">FR</subfield>
  </datafield>
  <datafield tag="104" ind1=" " ind2=" ">
    <subfield code="a">d1963</subfield>
  </datafield>
  <datafield tag="105" ind1=" " ind2=" ">
    <subfield code="a">ba</subfield>
  </datafield>
  <datafield tag="145" ind1=" " ind2=" ">
    <subfield code="a">i</subfield>
    <subfield code="b">axxe</subfield>
  </datafield>
  <datafield tag="152" ind1=" " ind2=" ">
    <subfield code="a">RDA-FR</subfield>
  </datafield>
  <datafield tag="154" ind1=" " ind2=" ">
    <subfield code="a">xb</subfield>
  </datafield>
  <datafield tag="242" ind1=" " ind2="1">
    <subfield code="3">UMLRM0004</subfield>
    <subfield code="7">ba0yba0y</subfield>
    <subfield code="8">freeng</subfield>
    <subfield code="a">Stoker, Bram (1847-1912)</subfield>
    <subfield code="t">Dracula</subfield>
    <subfield code="m">Français</subfield>
    <subfield code="w">Molitor</subfield>
    <subfield code="n">Texte noté</subfield>
  </datafield>
  <datafield tag="371" ind1=" " ind2=" ">
    <subfield code="f">Première édition française intégrale</subfield>
  </datafield>
  <datafield tag="502" ind1=" " ind2="1">
    <subfield code="3">12626285</subfield>
    <subfield code="7">ba0yba0y</subfield>
    <subfield code="8">frefre</subfield>
    <subfield code="o">ISNI 0000 0000 0891 6874</subfield>
    <subfield code="a">Molitor</subfield>
    <subfield code="b">Lucienne</subfield>
    <subfield code="4">730</subfield>
  </datafield>
  <datafield tag="542" ind1=" " ind2="1">
    <subfield code="5">xxo</subfield>
    <subfield code="p">Est une traduction de</subfield>
    <subfield code="3">UMLRM0005</subfield>
    <subfield code="7">ba0yba0y</subfield>
    <subfield code="8">freeng</subfield>
    <subfield code="a">Stoker, Bram (1847-1912)</subfield>
    <subfield code="t">Dracula</subfield>
    <subfield code="m">Anglais</subfield>
    <subfield code="n">Texte noté</subfield>
  </datafield>
  <datafield tag="542" ind1=" " ind2="1">
    <subfield code="5">xxn</subfield>
    <subfield code="p">Abrégé en</subfield>
    <subfield code="3">UMLRM0068</subfield>
    <subfield code="7">ba0yba0y</subfield>
    <subfield code="8">freeng</subfield>
    <subfield code="a">Stoker, Bram (1847-1912)</subfield>
    <subfield code="t">Dracula</subfield>
    <subfield code="m">Français</subfield>
    <subfield code="w">Molitor</subfield>
    <subfield code="l">Version abrégée</subfield>
    <subfield code="w">Moissard</subfield>
    <subfield code="n">Texte noté</subfield>
  </datafield>
  <datafield tag="640" ind1="6" ind2=" ">
    <subfield code="0">Date de première publication</subfield>
    <subfield code="f">#1963#####</subfield>
  </datafield>
  <datafield tag="801" ind1=" " ind2="0">
    <subfield code="a">FR</subfield>
    <subfield code="b">FR-751052119</subfield>
    <subfield code="c">20220905</subfield>
  </datafield>
  <datafield tag="810" ind1=" " ind2=" ">
    <subfield code="a">Dracula / Bram Stoker ; traduit de l&apos;anglais par Lucienne Molitor ; introduction de Tony Faivre. – Verviers : Gérard et Cie, 1963. – [Texte noté : sans médiation]</subfield>
  </datafield>
  <datafield tag="810" ind1=" " ind2=" ">
    <subfield code="a">Le visage vert : littérature fantastique : http://www.levisagevert.com/bibliographie-auteurs/auteurs-s/auteurs-s/s0007.html (2022-10-07)</subfield>
    <subfield code="b">Information sur la version</subfield>
  </datafield>
</record>