
<record format="UNIMARC" type="Authority">
  <leader>02012nx  h2200337   4500</leader>
  <controlfield tag="001">UMLRM0031</controlfield>
  <datafield tag="100" ind1=" " ind2=" ">
    <subfield code="a">20221024afrey50      ba0</subfield>
  </datafield>
  <datafield tag="101" ind1="0" ind2=" ">
    <subfield code="a">fre</subfield>
  </datafield>
  <datafield tag="102" ind1=" " ind2=" ">
    <subfield code="a">FR</subfield>
  </datafield>
  <datafield tag="104" ind1=" " ind2=" ">
    <subfield code="a">d2014</subfield>
  </datafield>
  <datafield tag="125" ind1="0" ind2="2">
    <subfield code="a">d</subfield>
  </datafield>
  <datafield tag="125" ind1="0" ind2="2">
    <subfield code="a">e</subfield>
  </datafield>
  <datafield tag="140" ind1=" " ind2=" ">
    <subfield code="a">te</subfield>
    <subfield code="b">rofan</subfield>
    <subfield code="2">BnF-GenreLitt</subfield>
  </datafield>
  <datafield tag="140" ind1=" " ind2=" ">
    <subfield code="a">te</subfield>
    <subfield code="b">roepi</subfield>
    <subfield code="2">BnF-GenreLitt</subfield>
  </datafield>
  <datafield tag="140" ind1=" " ind2=" ">
    <subfield code="a">te</subfield>
    <subfield code="b">lecmc</subfield>
    <subfield code="2">BnF-FonctTexMix</subfield>
  </datafield>
  <datafield tag="145" ind1="0" ind2=" ">
    <subfield code="a">i</subfield>
  </datafield>
  <datafield tag="145" ind1="0" ind2=" ">
    <subfield code="a">b1</subfield>
    <subfield code="b">xb2e</subfield>
  </datafield>
  <datafield tag="147" ind1="0" ind2=" ">
    <subfield code="a">a</subfield>
  </datafield>
  <datafield tag="152" ind1=" " ind2=" ">
    <subfield code="a">RDA-FR</subfield>
  </datafield>
  <datafield tag="154" ind1=" " ind2=" ">
    <subfield code="a">xa</subfield>
  </datafield>
  <datafield tag="241" ind1=" " ind2="1">
    <subfield code="3">11925586</subfield>
    <subfield code="a">Stoker, Bram (1847-1912)</subfield>
    <subfield code="t">Dracula</subfield>
    <subfield code="c">Choix</subfield>
    <subfield code="k">Bruneel-Ziane</subfield>
    <subfield code="7">ba0yba0y</subfield>
    <subfield code="8">freeng</subfield>
  </datafield>
  <datafield tag="333" ind1=" " ind2=" ">
    <subfield code="a">Ouvrage parascolaire, niveau collège et lycée professionnel</subfield>
  </datafield>
  <datafield tag="370" ind1=" " ind2=" ">
    <subfield code="a">Choix d’extraits signalant les passages supprimés et résumant l’intrigue entre deux extraits</subfield>
    <subfield code="a">Accompagné d’un dossier comprenant notamment une présentation de l’auteur et de son œuvre en contexte, une étude de l’œuvre selon 5 thématiques et un lexique établi par Michèle Sendre</subfield>
    <subfield code="a">Illustrations</subfield>
    <subfield code="a">Complété par des ressources pédagogiques à destination des enseignants : 2 fiches d’activité (« Dracula : entrer dans l’œuvre » et « Dracula : histoire des arts ») et un livre du professeur disponibles sur le site de l’éditeur</subfield>
  </datafield>
  <datafield tag="501" ind1=" " ind2="1">
    <subfield code="3">11925586</subfield>
    <subfield code="7">ba0yba0y</subfield>
    <subfield code="8">freeng</subfield>
    <subfield code="o">ISNI 0000 0001 2122 2356</subfield>
    <subfield code="a">Stoker</subfield>
    <subfield code="b">Bram</subfield>
    <subfield code="f">1847-1912</subfield>
    <subfield code="4">070</subfield>
  </datafield>
  <datafield tag="501" ind1=" " ind2="1">
    <subfield code="3">16718404</subfield>
    <subfield code="7">ba0yba0y</subfield>
    <subfield code="8">fre###</subfield>
    <subfield code="o">ISNI 0000 0004 1990 1570</subfield>
    <subfield code="a">Ziane-Bruneel</subfield>
    <subfield code="b">Nadia</subfield>
    <subfield code="f">1963-....</subfield>
    <subfield code="4">340</subfield>
  </datafield>
  <datafield tag="501" ind1=" " ind2="1">
    <subfield code="3">12202765</subfield>
    <subfield code="7">ba0yba0y</subfield>
    <subfield code="8">frefre</subfield>
    <subfield code="o">ISNI 0000 0000 0064 6937</subfield>
    <subfield code="a">Sendre-Haïdar</subfield>
    <subfield code="b">Michèle</subfield>
    <subfield code="4">205</subfield>
  </datafield>
  <datafield tag="541" ind1=" " ind2="1">
    <subfield code="5">xxr</subfield>
    <subfield code="p">Est une sélection de [œuvre]</subfield>
    <subfield code="3">UMLRM0004</subfield>
    <subfield code="7">ba0yba0y</subfield>
    <subfield code="8">freeng</subfield>
    <subfield code="a">Stoker, Bram (1847-1912)</subfield>
    <subfield code="t">Dracula</subfield>
  </datafield>
  <datafield tag="640" ind1="6" ind2=" ">
    <subfield code="0">Date de première publication</subfield>
    <subfield code="f">#2014#####</subfield>
  </datafield>
  <datafield tag="676" ind1=" " ind2=" ">
    <subfield code="a">823</subfield>
    <subfield code="v">23</subfield>
  </datafield>
  <datafield tag="801" ind1=" " ind2="0">
    <subfield code="a">FR</subfield>
    <subfield code="b">FR-751131010</subfield>
    <subfield code="c">20221005</subfield>
    <subfield code="g">RDA-FR</subfield>
  </datafield>
  <datafield tag="810" ind1=" " ind2=" ">
    <subfield code="a">Dracula / Bram Stoker ; traduction de Lucienne Molitor ; choix des extraits et appareil pédagogique établi par Nadia Bruneel-Ziane,... ; lexique établi par Michèle Sendre. – [Paris] : Magnard, impr. 2014. – [Texte noté : sans médiation]. – ISBN 978-2-210-74066-2</subfield>
  </datafield>
</record>