
<record format="UNIMARC" type="Authority">
  <leader>01063nx  h2200229   4500</leader>
  <controlfield tag="001">UMLRM0032</controlfield>
  <datafield tag="100" ind1=" " ind2=" ">
    <subfield code="a">20221024afrey50      ba0</subfield>
  </datafield>
  <datafield tag="101" ind1="2" ind2=" ">
    <subfield code="a">fre</subfield>
    <subfield code="c">eng</subfield>
  </datafield>
  <datafield tag="102" ind1=" " ind2=" ">
    <subfield code="a">FR</subfield>
  </datafield>
  <datafield tag="104" ind1=" " ind2=" ">
    <subfield code="a">d2014</subfield>
  </datafield>
  <datafield tag="105" ind1=" " ind2=" ">
    <subfield code="a">ba</subfield>
  </datafield>
  <datafield tag="145" ind1="0" ind2=" ">
    <subfield code="a">i</subfield>
    <subfield code="b">axxe</subfield>
  </datafield>
  <datafield tag="145" ind1="0" ind2=" ">
    <subfield code="a">b1</subfield>
    <subfield code="b">xb2e</subfield>
  </datafield>
  <datafield tag="147" ind1="0" ind2=" ">
    <subfield code="a">a</subfield>
  </datafield>
  <datafield tag="152" ind1=" " ind2=" ">
    <subfield code="a">RDA-FR</subfield>
  </datafield>
  <datafield tag="154" ind1=" " ind2=" ">
    <subfield code="a">xb</subfield>
  </datafield>
  <datafield tag="242" ind1=" " ind2="1">
    <subfield code="3">UMLRM0031</subfield>
    <subfield code="7">ba0yba0y</subfield>
    <subfield code="8">freeng</subfield>
    <subfield code="a">Stoker, Bram (1847-1912)</subfield>
    <subfield code="t">Dracula</subfield>
    <subfield code="c">Choix</subfield>
    <subfield code="k">Bruneel-Ziane</subfield>
    <subfield code="m">Français</subfield>
    <subfield code="w">Molitor</subfield>
    <subfield code="n">Texte noté</subfield>
  </datafield>
  <datafield tag="502" ind1=" " ind2="1">
    <subfield code="3">12626285</subfield>
    <subfield code="7">ba0yba0y</subfield>
    <subfield code="8">frefre</subfield>
    <subfield code="o">ISNI 0000 0000 0891 6874</subfield>
    <subfield code="a">Molitor</subfield>
    <subfield code="b">Lucienne</subfield>
    <subfield code="4">730</subfield>
  </datafield>
  <datafield tag="542" ind1=" " ind2="1">
    <subfield code="5">xxp</subfield>
    <subfield code="p">Est une sélection de [expression]</subfield>
    <subfield code="3">UMLRM0020</subfield>
    <subfield code="7">ba0yba0y</subfield>
    <subfield code="8">freeng</subfield>
    <subfield code="a">Stoker, Bram (1847-1912)</subfield>
    <subfield code="t">Dracula</subfield>
    <subfield code="m">Français</subfield>
    <subfield code="w">Molitor</subfield>
    <subfield code="n">Texte noté</subfield>
  </datafield>
  <datafield tag="640" ind1="6" ind2=" ">
    <subfield code="0">Date de première publication</subfield>
    <subfield code="f">#2014#####</subfield>
  </datafield>
  <datafield tag="801" ind1=" " ind2="0">
    <subfield code="a">FR</subfield>
    <subfield code="b">FR-751131010</subfield>
    <subfield code="c">20221024</subfield>
    <subfield code="g">RDA-FR</subfield>
  </datafield>
  <datafield tag="810" ind1=" " ind2=" ">
    <subfield code="a">Dracula / Bram Stoker ; traduction de Lucienne Molitor ; choix des extraits et appareil pédagogique établi par Nadia Bruneel-Ziane,... ; lexique établi par Michèle Sendre. – [Paris] : Magnard, impr. 2014. – [Texte noté : sans médiation]. – ISBN 978-2-210-74066-2</subfield>
  </datafield>
</record>