
<record format="UNIMARC" type="Authority">
  <leader>02530nx  h2200373   4500</leader>
  <controlfield tag="001">UMLRM0034</controlfield>
  <datafield tag="100" ind1=" " ind2=" ">
    <subfield code="a">20221031afrey50      ba0</subfield>
  </datafield>
  <datafield tag="101" ind1="0" ind2=" ">
    <subfield code="a">eng</subfield>
  </datafield>
  <datafield tag="102" ind1=" " ind2=" ">
    <subfield code="a">GB</subfield>
  </datafield>
  <datafield tag="104" ind1=" " ind2=" ">
    <subfield code="a">d1997</subfield>
  </datafield>
  <datafield tag="125" ind1="0" ind2="0">
    <subfield code="a">d</subfield>
  </datafield>
  <datafield tag="140" ind1=" " ind2=" ">
    <subfield code="a">mi</subfield>
    <subfield code="b">rofan</subfield>
    <subfield code="2">BnF-GenreLitt</subfield>
  </datafield>
  <datafield tag="140" ind1=" " ind2=" ">
    <subfield code="a">mi</subfield>
    <subfield code="b">livil</subfield>
    <subfield code="2">BnF-FormeOeuvreMixte</subfield>
  </datafield>
  <datafield tag="145" ind1="0" ind2=" ">
    <subfield code="a">i</subfield>
  </datafield>
  <datafield tag="145" ind1="0" ind2=" ">
    <subfield code="a">b</subfield>
    <subfield code="b">xb2e</subfield>
  </datafield>
  <datafield tag="147" ind1="0" ind2=" ">
    <subfield code="a">h</subfield>
  </datafield>
  <datafield tag="152" ind1=" " ind2=" ">
    <subfield code="a">RDA-FR</subfield>
  </datafield>
  <datafield tag="154" ind1=" " ind2=" ">
    <subfield code="a">xa</subfield>
  </datafield>
  <datafield tag="241" ind1=" " ind2="1">
    <subfield code="3">12270442</subfield>
    <subfield code="o">ISNI 0000000073618419</subfield>
    <subfield code="a">Humphries, Tudor (1953-….)</subfield>
    <subfield code="t">Dracula</subfield>
    <subfield code="7">ba0yba0y</subfield>
    <subfield code="8">freeng</subfield>
  </datafield>
  <datafield tag="333" ind1=" " ind2=" ">
    <subfield code="a">Âge suggéré : &quot;Dès 7 ans&quot;</subfield>
  </datafield>
  <datafield tag="370" ind1=" " ind2=" ">
    <subfield code="a">Version abrégée et illustrée à destination de la jeunesse du roman de Bram Stoker.</subfield>
    <subfield code="a">Nombreuses illustrations (dessins, photographies) en noir et en couleur</subfield>
  </datafield>
  <datafield tag="378" ind1=" " ind2=" ">
    <subfield code="a"> Introduction au personnage du vampire à travers le héros du roman de Bram Stoker. L’album permet de découvrir le chef-d&apos;œuvre dans une version abrégée, mais aussi de le comprendre et de le situer dans son contexte grâce aux notes documentaires et aux très nombreuses illustrations qui accompagnent constamment le texte.</subfield>
  </datafield>
  <datafield tag="501" ind1=" " ind2="1">
    <subfield code="3">12270442</subfield>
    <subfield code="7">ba0yba0y</subfield>
    <subfield code="8">freeng</subfield>
    <subfield code="o">ISNI 0000000073618419</subfield>
    <subfield code="a">Humphries</subfield>
    <subfield code="b">Tudor</subfield>
    <subfield code="f">1953-….</subfield>
    <subfield code="4">440</subfield>
  </datafield>
  <datafield tag="541" ind1=" " ind2="1">
    <subfield code="5">xxa</subfield>
    <subfield code="p">Est une adaptation pour la jeunesse dans le même mode de création de [œuvre]</subfield>
    <subfield code="3">UMLRM0004</subfield>
    <subfield code="7">ba0yba0y</subfield>
    <subfield code="8">freeng</subfield>
    <subfield code="a">Stoker, Bram (1847-1912)</subfield>
    <subfield code="t">Dracula</subfield>
  </datafield>
  <datafield tag="600" ind1=" " ind2="0">
    <subfield code="3">11962841</subfield>
    <subfield code="7">ba0yba0y</subfield>
    <subfield code="8">frefre</subfield>
    <subfield code="a">Dracula</subfield>
    <subfield code="c">personnage fictif</subfield>
    <subfield code="2">rameau</subfield>
  </datafield>
  <datafield tag="606" ind1=" " ind2=" ">
    <subfield code="3">11945972</subfield>
    <subfield code="7">ba0yba0y</subfield>
    <subfield code="8">frefre</subfield>
    <subfield code="a">Vampires</subfield>
    <subfield code="2">rameau</subfield>
  </datafield>
  <datafield tag="608" ind1=" " ind2=" ">
    <subfield code="3">17863011</subfield>
    <subfield code="a">Roman fantastique</subfield>
    <subfield code="2">rameauGenre</subfield>
  </datafield>
  <datafield tag="608" ind1=" " ind2=" ">
    <subfield code="3">11938887</subfield>
    <subfield code="a">Livres illustrés pour enfants</subfield>
    <subfield code="2">rameauForme</subfield>
  </datafield>
  <datafield tag="640" ind1="6" ind2=" ">
    <subfield code="0">Date de première publication</subfield>
    <subfield code="f">#1997#####</subfield>
  </datafield>
  <datafield tag="801" ind1=" " ind2="0">
    <subfield code="a">FR</subfield>
    <subfield code="b">FR-751052119</subfield>
    <subfield code="c">20221031</subfield>
  </datafield>
  <datafield tag="810" ind1=" " ind2=" ">
    <subfield code="a"> Dracula : [version abrégée] / d&apos;après Bram Stoker ; illustré par Tudor Humphries ; [traduit par Michèle Jouve]. – Paris ; Bruxelles ; Montréal [etc.] : Sélection du &quot;Reader&apos;s digest&quot;,1998. – [Texte noté. Image fixe : sans médiation]. – ISBN 2-7098-0973-7</subfield>
  </datafield>
  <datafield tag="810" ind1=" " ind2=" ">
    <subfield code="a">Dracula / Bram Stoker ; illustrated by Tudor Humphries. – Abridged edition for young readers. – London : Dorling Kindersley, 1997. – [Texte noté. Image fixe : sans médiation]. – ISBN 0751370703</subfield>
  </datafield>
  <datafield tag="810" ind1=" " ind2=" ">
    <subfield code="a">British Library Main Catalog : Explore the British Library Search - Dracula / Bram Stoker ; illustrated by Tudor Humphries (bl.uk) (2022-10-31). System number: 010729537. BNB GB9809359</subfield>
  </datafield>
  <datafield tag="810" ind1=" " ind2=" ">
    <subfield code="a">Deakin university. Library Catalog : Dracula / Bram Stoker ; illustrated by Tudor Humphries (deakin.edu.au) (2022-10-31)</subfield>
    <subfield code="b">Nature du contenu</subfield>
  </datafield>
</record>