
<record format="UNIMARC" type="Authority">
  <leader>01048nx  h2200229   4500</leader>
  <controlfield tag="001">UMLRM0035</controlfield>
  <datafield tag="100" ind1=" " ind2=" ">
    <subfield code="a">20221031afrey50      ba0</subfield>
  </datafield>
  <datafield tag="101" ind1="1" ind2=" ">
    <subfield code="a">fre</subfield>
    <subfield code="c">eng</subfield>
  </datafield>
  <datafield tag="102" ind1=" " ind2=" ">
    <subfield code="a">FR</subfield>
  </datafield>
  <datafield tag="104" ind1=" " ind2=" ">
    <subfield code="a">d1998</subfield>
  </datafield>
  <datafield tag="105" ind1=" " ind2=" ">
    <subfield code="a">ba</subfield>
  </datafield>
  <datafield tag="145" ind1=" " ind2=" ">
    <subfield code="a">i</subfield>
    <subfield code="b">axxe</subfield>
  </datafield>
  <datafield tag="145" ind1=" " ind2=" ">
    <subfield code="a">b</subfield>
    <subfield code="b">xb2e</subfield>
  </datafield>
  <datafield tag="147" ind1=" " ind2=" ">
    <subfield code="a">h</subfield>
  </datafield>
  <datafield tag="152" ind1=" " ind2=" ">
    <subfield code="a">RDA-FR</subfield>
  </datafield>
  <datafield tag="154" ind1=" " ind2=" ">
    <subfield code="a">xb</subfield>
  </datafield>
  <datafield tag="242" ind1=" " ind2="1">
    <subfield code="3">UMLRM0034</subfield>
    <subfield code="7">ba0yba0y</subfield>
    <subfield code="8">freeng</subfield>
    <subfield code="a">Humphries, Tudor (1953-….)</subfield>
    <subfield code="t">Dracula</subfield>
    <subfield code="m">Français</subfield>
    <subfield code="n">Texte noté. Image fixe</subfield>
  </datafield>
  <datafield tag="502" ind1=" " ind2="1">
    <subfield code="3">13343810</subfield>
    <subfield code="7">ba0yba0y</subfield>
    <subfield code="8">frefre</subfield>
    <subfield code="o">ISNI 0000 0003 8523 9039</subfield>
    <subfield code="a">Jouve</subfield>
    <subfield code="b">Michèle</subfield>
    <subfield code="f">19..-....</subfield>
    <subfield code="c">angliciste</subfield>
    <subfield code="4">730</subfield>
  </datafield>
  <datafield tag="542" ind1=" " ind2="1">
    <subfield code="5">xxo</subfield>
    <subfield code="p">Est une traduction de</subfield>
    <subfield code="3">UMLRM0161</subfield>
    <subfield code="7">ba0yba0y</subfield>
    <subfield code="8">freeng</subfield>
    <subfield code="a">Humphries, Tudor (1953-….)</subfield>
    <subfield code="t">Dracula</subfield>
    <subfield code="m">Anglais</subfield>
    <subfield code="n">Texte noté. Image fixe</subfield>
  </datafield>
  <datafield tag="640" ind1="6" ind2=" ">
    <subfield code="0">Date de première publication</subfield>
    <subfield code="f">#1998#####</subfield>
  </datafield>
  <datafield tag="801" ind1=" " ind2="0">
    <subfield code="a">FR</subfield>
    <subfield code="b">FR-751052119</subfield>
    <subfield code="c">20221031</subfield>
  </datafield>
  <datafield tag="810" ind1=" " ind2=" ">
    <subfield code="a"> Dracula : [version abrégée] / d&apos;après Bram Stoker ; illustré par Tudor Humphries ; [traduit par Michèle Jouve]. – Paris ; Bruxelles ; Montréal [etc.] : Sélection du &quot;Reader&apos;s digest&quot;,1998. – [Texte noté. Image fixe : sans médiation]. – ISBN 2-7098-0973-7</subfield>
  </datafield>
</record>