
<record format="UNIMARC" type="Authority">
  <leader>01907nx  h2200349   4500</leader>
  <controlfield tag="001">UMLRM0037</controlfield>
  <datafield tag="100" ind1=" " ind2=" ">
    <subfield code="a">20221005afrey50      ba0</subfield>
  </datafield>
  <datafield tag="101" ind1="0" ind2=" ">
    <subfield code="a">fre</subfield>
  </datafield>
  <datafield tag="102" ind1=" " ind2=" ">
    <subfield code="a">FR</subfield>
  </datafield>
  <datafield tag="104" ind1=" " ind2=" ">
    <subfield code="a">d2004</subfield>
  </datafield>
  <datafield tag="125" ind1="0" ind2="2">
    <subfield code="a">d</subfield>
  </datafield>
  <datafield tag="140" ind1=" " ind2=" ">
    <subfield code="a">te</subfield>
    <subfield code="b">rofan</subfield>
    <subfield code="2">BnF-GenreLitt</subfield>
  </datafield>
  <datafield tag="140" ind1=" " ind2=" ">
    <subfield code="a">te</subfield>
    <subfield code="b">roepi</subfield>
    <subfield code="2">BnF-GenreLitt</subfield>
  </datafield>
  <datafield tag="140" ind1=" " ind2=" ">
    <subfield code="a">te</subfield>
    <subfield code="b">lecmc</subfield>
    <subfield code="2">BnF-FonctTexMix</subfield>
  </datafield>
  <datafield tag="145" ind1="0" ind2=" ">
    <subfield code="a">i</subfield>
  </datafield>
  <datafield tag="145" ind1="0" ind2=" ">
    <subfield code="a">b1</subfield>
    <subfield code="b">xb2e</subfield>
  </datafield>
  <datafield tag="147" ind1="0" ind2=" ">
    <subfield code="a">a</subfield>
  </datafield>
  <datafield tag="152" ind1=" " ind2=" ">
    <subfield code="a">RDA-FR</subfield>
  </datafield>
  <datafield tag="154" ind1=" " ind2=" ">
    <subfield code="a">xa</subfield>
  </datafield>
  <datafield tag="241" ind1=" " ind2="1">
    <subfield code="3">11925586</subfield>
    <subfield code="a">Stoker, Bram (1847-1912)</subfield>
    <subfield code="t">Dracula</subfield>
    <subfield code="c">Choix</subfield>
    <subfield code="k">Cassou-Noguès ; Langenhagen</subfield>
    <subfield code="7">ba0yba0y</subfield>
    <subfield code="8">freeng</subfield>
  </datafield>
  <datafield tag="333" ind1=" " ind2=" ">
    <subfield code="a">Ouvrage parascolaire, niveau collège</subfield>
  </datafield>
  <datafield tag="370" ind1=" " ind2=" ">
    <subfield code="a">Édition par extraits conservant la numérotation des chapitres du texte intégral et signalant les passages supprimés et résumés</subfield>
    <subfield code="a">Accompagné d’un dossier comprenant notamment une biographie de l’auteur, des repères chronologiques, des éléments de contexte historique et culturel, un cahier iconographique et une filmographie (9 pages)</subfield>
  </datafield>
  <datafield tag="378" ind1=" " ind2=" ">
    <subfield code="a">Version abrégée d&apos;un classique du vampirisme.</subfield>
    <subfield code="b">Sudoc</subfield>
    <subfield code="z">fre</subfield>
  </datafield>
  <datafield tag="501" ind1=" " ind2="1">
    <subfield code="3">11925586</subfield>
    <subfield code="7">ba0yba0y</subfield>
    <subfield code="8">freeng</subfield>
    <subfield code="o">ISNI 0000 0001 2122 2356</subfield>
    <subfield code="a">Stoker</subfield>
    <subfield code="b">Bram</subfield>
    <subfield code="f">1847-1912</subfield>
    <subfield code="4">070</subfield>
  </datafield>
  <datafield tag="501" ind1=" " ind2="1">
    <subfield code="3">14473026</subfield>
    <subfield code="7">ba0yba0y</subfield>
    <subfield code="8">frefre</subfield>
    <subfield code="o">ISNI 0000 0000 4894 7827</subfield>
    <subfield code="a">Cassou-Noguès</subfield>
    <subfield code="b">Anne</subfield>
    <subfield code="4">340</subfield>
  </datafield>
  <datafield tag="501" ind1=" " ind2="1">
    <subfield code="3">14473027</subfield>
    <subfield code="7">ba0yba0y</subfield>
    <subfield code="8">frefre</subfield>
    <subfield code="o">ISNI 0000 0003 8316 7553</subfield>
    <subfield code="a">Langenhagen</subfield>
    <subfield code="b">Marie-Aude de</subfield>
    <subfield code="f">1975-....</subfield>
    <subfield code="4">340</subfield>
  </datafield>
  <datafield tag="541" ind1=" " ind2="1">
    <subfield code="5">xxr</subfield>
    <subfield code="p">Est une sélection de [œuvre]</subfield>
    <subfield code="3">UMLRM0004</subfield>
    <subfield code="7">ba0yba0y</subfield>
    <subfield code="8">freeng</subfield>
    <subfield code="a">Stoker, Bram (1847-1912)</subfield>
    <subfield code="t">Dracula</subfield>
  </datafield>
  <datafield tag="640" ind1="6" ind2=" ">
    <subfield code="0">Date de première publication</subfield>
    <subfield code="f">#2004#####</subfield>
  </datafield>
  <datafield tag="676" ind1=" " ind2=" ">
    <subfield code="a">823</subfield>
    <subfield code="v">23</subfield>
  </datafield>
  <datafield tag="801" ind1=" " ind2="0">
    <subfield code="a">FR</subfield>
    <subfield code="b">FR-751131010</subfield>
    <subfield code="c">20221005</subfield>
    <subfield code="g">RDA-FR</subfield>
  </datafield>
  <datafield tag="810" ind1=" " ind2=" ">
    <subfield code="a">Dracula / Bram Stoker ; traduction par Jacques Finné ; présentation, notes, choix des extraits et dossier par Anne Cassou-Noguès et Marie-Ande de Langenhagen. – Paris : Flammarion, 2004. – [Texte noté : sans médiation]. – ISBN 2-08-072188-7</subfield>
  </datafield>
  <datafield tag="810" ind1=" " ind2=" ">
    <subfield code="a">Sudoc : https://www.sudoc.fr/078705177 (2022-10-05)</subfield>
    <subfield code="b">Résumé</subfield>
  </datafield>
</record>