
<record format="UNIMARC" type="Authority">
  <leader>01098nx  h2200217   4500</leader>
  <controlfield tag="001">UMLRM0041</controlfield>
  <datafield tag="100" ind1=" " ind2=" ">
    <subfield code="a">20220809afrey0103ba0</subfield>
  </datafield>
  <datafield tag="101" ind1="1" ind2=" ">
    <subfield code="a">fre</subfield>
    <subfield code="c">ger</subfield>
  </datafield>
  <datafield tag="102" ind1=" " ind2=" ">
    <subfield code="a">FR</subfield>
  </datafield>
  <datafield tag="104" ind1=" " ind2=" ">
    <subfield code="a">d2010</subfield>
  </datafield>
  <datafield tag="105" ind1=" " ind2=" ">
    <subfield code="a">ba</subfield>
  </datafield>
  <datafield tag="145" ind1=" " ind2=" ">
    <subfield code="a">i</subfield>
    <subfield code="b">axxe</subfield>
  </datafield>
  <datafield tag="152" ind1=" " ind2=" ">
    <subfield code="a">RDA-FR</subfield>
  </datafield>
  <datafield tag="154" ind1=" " ind2=" ">
    <subfield code="a">xb</subfield>
  </datafield>
  <datafield tag="242" ind1=" " ind2="1">
    <subfield code="3">UMLRM0004</subfield>
    <subfield code="7">ba0yba0y</subfield>
    <subfield code="8">freeng</subfield>
    <subfield code="a">Stoker, Bram (1847-1912)</subfield>
    <subfield code="t">Dracula</subfield>
    <subfield code="m">Français</subfield>
    <subfield code="w">Sirgent</subfield>
    <subfield code="n">Texte noté</subfield>
  </datafield>
  <datafield tag="502" ind1=" " ind2="1">
    <subfield code="3">15547545</subfield>
    <subfield code="7">ba0yba0y</subfield>
    <subfield code="8">frefre</subfield>
    <subfield code="o">ISNI 0000 0000 0188 825</subfield>
    <subfield code="a">Sirgent</subfield>
    <subfield code="b">Jacques</subfield>
    <subfield code="4">730</subfield>
  </datafield>
  <datafield tag="542" ind1=" " ind2="1">
    <subfield code="5">xxo</subfield>
    <subfield code="p">Est une traduction de</subfield>
    <subfield code="3">UMLRM0005</subfield>
    <subfield code="7">ba0yba0y</subfield>
    <subfield code="8">freeng</subfield>
    <subfield code="a">Stoker, Bram (1847-1912)</subfield>
    <subfield code="t">Dracula</subfield>
    <subfield code="m">Anglais</subfield>
    <subfield code="n">Texte noté</subfield>
  </datafield>
  <datafield tag="640" ind1="6" ind2=" ">
    <subfield code="0">Date de première publication</subfield>
    <subfield code="f">#2010#####</subfield>
  </datafield>
  <datafield tag="801" ind1=" " ind2="0">
    <subfield code="a">FR</subfield>
    <subfield code="b">FR-341725402</subfield>
    <subfield code="c">20220809</subfield>
  </datafield>
  <datafield tag="810" ind1=" " ind2=" ">
    <subfield code="a">Dracula] / Bram Stoker ; traduit de l&apos;anglais par Jacques Sirgent. – Nouvelle traduction. – Rosières-en-Haye : le Camion blanc, impr. 2010. – [Texte noté : sans médiation]. – ISBN 978-2-35779-055-1</subfield>
  </datafield>
  <datafield tag="810" ind1=" " ind2=" ">
    <subfield code="a">Dracula : traduction intégrale / Bram Stoker ; traduit de l&apos;anglais par Jacques Sirgent. – Paris : J&apos;ai lu, impr. 2012. – [Texte noté : sans médiation]. – ISBN 978-2-290-05740-7</subfield>
  </datafield>
</record>