
<record format="UNIMARC" type="Authority">
  <leader>01142nx  h2200241   4500</leader>
  <controlfield tag="001">UMLRM0047</controlfield>
  <datafield tag="100" ind1=" " ind2=" ">
    <subfield code="a">20221005afrey50      ba0</subfield>
  </datafield>
  <datafield tag="101" ind1="2" ind2=" ">
    <subfield code="a">fre</subfield>
    <subfield code="c">eng</subfield>
  </datafield>
  <datafield tag="102" ind1=" " ind2=" ">
    <subfield code="a">FR</subfield>
  </datafield>
  <datafield tag="104" ind1=" " ind2=" ">
    <subfield code="a">d2017</subfield>
  </datafield>
  <datafield tag="105" ind1=" " ind2=" ">
    <subfield code="a">ba</subfield>
  </datafield>
  <datafield tag="145" ind1=" " ind2=" ">
    <subfield code="a">i</subfield>
    <subfield code="b">axxe</subfield>
  </datafield>
  <datafield tag="145" ind1=" " ind2=" ">
    <subfield code="a">b1</subfield>
    <subfield code="b">xb2e</subfield>
  </datafield>
  <datafield tag="147" ind1=" " ind2=" ">
    <subfield code="a">g</subfield>
  </datafield>
  <datafield tag="152" ind1=" " ind2=" ">
    <subfield code="a">RDA-FR</subfield>
  </datafield>
  <datafield tag="154" ind1=" " ind2=" ">
    <subfield code="a">xb</subfield>
  </datafield>
  <datafield tag="242" ind1=" " ind2="1">
    <subfield code="3">UMLRM0037</subfield>
    <subfield code="7">ba0yba0y</subfield>
    <subfield code="8">freeng</subfield>
    <subfield code="a">Stoker, Bram (1847-1912)</subfield>
    <subfield code="t">Dracula</subfield>
    <subfield code="c">Choix</subfield>
    <subfield code="k">Cassou-Noguès ; Langenhagen</subfield>
    <subfield code="m">Français</subfield>
    <subfield code="w">Finné</subfield>
    <subfield code="n">Texte noté</subfield>
    <subfield code="o">2017</subfield>
  </datafield>
  <datafield tag="371" ind1=" " ind2=" ">
    <subfield code="f">Édition revue</subfield>
    <subfield code="f">Cahier photographique en couleur</subfield>
  </datafield>
  <datafield tag="502" ind1=" " ind2="1">
    <subfield code="3">11902797</subfield>
    <subfield code="7">ba0yba0y</subfield>
    <subfield code="8">frefre</subfield>
    <subfield code="o">ISNI0000 0001 2023 6609</subfield>
    <subfield code="a">Finné</subfield>
    <subfield code="b">Jacques</subfield>
    <subfield code="f">1944-....</subfield>
    <subfield code="4">730</subfield>
  </datafield>
  <datafield tag="542" ind1=" " ind2="1">
    <subfield code="5">xxp</subfield>
    <subfield code="p">Est une sélection de [expression]</subfield>
    <subfield code="3">UMLRM0050</subfield>
    <subfield code="7">ba0yba0y</subfield>
    <subfield code="8">freeng</subfield>
    <subfield code="a">Stoker, Bram (1847-1912)</subfield>
    <subfield code="t">Dracula</subfield>
    <subfield code="m">Français</subfield>
    <subfield code="w">Finné</subfield>
    <subfield code="n">Texte noté</subfield>
  </datafield>
  <datafield tag="640" ind1="6" ind2=" ">
    <subfield code="0">Date de première publication</subfield>
    <subfield code="f">#2017#####</subfield>
  </datafield>
  <datafield tag="801" ind1=" " ind2="0">
    <subfield code="a">FR</subfield>
    <subfield code="b">FR-751131010</subfield>
    <subfield code="c">20221005</subfield>
  </datafield>
  <datafield tag="810" ind1=" " ind2=" ">
    <subfield code="a">Dracula / Bram Stoker ; traduction de Jacques Finné ; présentation, notes, choix des extraits, cahier photos et dossier par Anne Cassou-Noguès et Marie-Ande de Langenhagen. – Paris : Flammarion, 2017. – [Texte noté : sans médiation]. – ISBN 978-2-08-140438-0</subfield>
  </datafield>
</record>