
<record format="UNIMARC" type="Authority">
  <leader>01123cx  h2200253   4500</leader>
  <controlfield tag="001">UMLRM0053</controlfield>
  <controlfield tag="005">20220920######.D</controlfield>
  <datafield tag="100" ind1=" " ind2=" ">
    <subfield code="a">20220826afrey50      ba0</subfield>
  </datafield>
  <datafield tag="101" ind1="1" ind2=" ">
    <subfield code="a">fre</subfield>
    <subfield code="c">eng</subfield>
  </datafield>
  <datafield tag="102" ind1=" " ind2=" ">
    <subfield code="a">FR</subfield>
  </datafield>
  <datafield tag="104" ind1=" " ind2=" ">
    <subfield code="a">d2011</subfield>
  </datafield>
  <datafield tag="105" ind1=" " ind2=" ">
    <subfield code="a">ba</subfield>
  </datafield>
  <datafield tag="125" ind1=" " ind2="0">
    <subfield code="a">d</subfield>
  </datafield>
  <datafield tag="145" ind1=" " ind2=" ">
    <subfield code="a">i</subfield>
    <subfield code="b">axxe</subfield>
  </datafield>
  <datafield tag="145" ind1=" " ind2=" ">
    <subfield code="c">txt</subfield>
    <subfield code="2">rdacontent</subfield>
  </datafield>
  <datafield tag="152" ind1=" " ind2=" ">
    <subfield code="a">RDA-FR</subfield>
  </datafield>
  <datafield tag="154" ind1=" " ind2=" ">
    <subfield code="a">xb</subfield>
  </datafield>
  <datafield tag="242" ind1=" " ind2="1">
    <subfield code="3">UMLRM0004</subfield>
    <subfield code="7">ba0yba0y</subfield>
    <subfield code="8">freeng</subfield>
    <subfield code="a">Stoker, Bram (1847-1912)</subfield>
    <subfield code="t">Dracula</subfield>
    <subfield code="l">Version abrégée</subfield>
    <subfield code="w">Chicheportiche</subfield>
    <subfield code="m">Français</subfield>
    <subfield code="n">Texte noté</subfield>
  </datafield>
  <datafield tag="371" ind1=" " ind2=" ">
    <subfield code="f">Version abrégée pour la jeunesse (âge de lecture 9-12 ans)</subfield>
  </datafield>
  <datafield tag="502" ind1=" " ind2="1">
    <subfield code="3">12052485</subfield>
    <subfield code="7">ba0yba0y</subfield>
    <subfield code="8">frefre</subfield>
    <subfield code="o">ISNI 0000 0000 0880 4872</subfield>
    <subfield code="a">Chicheportiche</subfield>
    <subfield code="b">Josette</subfield>
    <subfield code="f">1957-....</subfield>
    <subfield code="4">010</subfield>
    <subfield code="4">730</subfield>
  </datafield>
  <datafield tag="542" ind1=" " ind2="1">
    <subfield code="5">xxo</subfield>
    <subfield code="p">Est un abrégé de</subfield>
    <subfield code="3">UMLRM0005</subfield>
    <subfield code="7">ba0yba0y</subfield>
    <subfield code="8">freeng</subfield>
    <subfield code="a">Stoker, Bram (1847-1912)</subfield>
    <subfield code="t">Dracula</subfield>
    <subfield code="m">Anglais</subfield>
    <subfield code="n">Texte noté</subfield>
  </datafield>
  <datafield tag="640" ind1="6" ind2=" ">
    <subfield code="0">Date de première publication</subfield>
    <subfield code="f">#2011####</subfield>
  </datafield>
  <datafield tag="801" ind1=" " ind2="0">
    <subfield code="a">FR</subfield>
    <subfield code="b">FR-141186101</subfield>
    <subfield code="c">20220920</subfield>
    <subfield code="h">FRBNF44486284000000X</subfield>
  </datafield>
  <datafield tag="810" ind1=" " ind2=" ">
    <subfield code="a">Dracula / Bram Stoker ; traduit de l&apos;anglais par Josette Chicheportiche. – Texte abrégé. – Vanves : le Livre de poche jeunesse, DL 2015]. – [Texte noté : sans médiation] . – ISBN 978-2-01-181029-8</subfield>
  </datafield>
</record>