
<record format="UNIMARC" type="Authority">
  <leader>01252nx  h2200241   4500</leader>
  <controlfield tag="001">UMLRM0068</controlfield>
  <datafield tag="100" ind1=" " ind2=" ">
    <subfield code="a">20220819afrey50      ba0</subfield>
  </datafield>
  <datafield tag="101" ind1="1" ind2=" ">
    <subfield code="a">fre</subfield>
    <subfield code="c">eng</subfield>
  </datafield>
  <datafield tag="102" ind1=" " ind2=" ">
    <subfield code="a">FR</subfield>
  </datafield>
  <datafield tag="104" ind1=" " ind2=" ">
    <subfield code="a">d2005</subfield>
  </datafield>
  <datafield tag="105" ind1=" " ind2=" ">
    <subfield code="a">ba</subfield>
  </datafield>
  <datafield tag="125" ind1=" " ind2="0">
    <subfield code="a">e</subfield>
  </datafield>
  <datafield tag="145" ind1=" " ind2=" ">
    <subfield code="a">i</subfield>
    <subfield code="b">axxe</subfield>
  </datafield>
  <datafield tag="152" ind1=" " ind2=" ">
    <subfield code="a">RDA-FR</subfield>
  </datafield>
  <datafield tag="154" ind1=" " ind2=" ">
    <subfield code="a">xb</subfield>
  </datafield>
  <datafield tag="242" ind1=" " ind2="1">
    <subfield code="3">UMLRM0004</subfield>
    <subfield code="7">ba0yba0y</subfield>
    <subfield code="8">freeng</subfield>
    <subfield code="a">Stoker, Bram (1847-1912)</subfield>
    <subfield code="t">Dracula</subfield>
    <subfield code="m">Français</subfield>
    <subfield code="w">Molitor</subfield>
    <subfield code="l">Version abrégée</subfield>
    <subfield code="w">Moissard</subfield>
    <subfield code="n">Texte noté</subfield>
  </datafield>
  <datafield tag="371" ind1=" " ind2=" ">
    <subfield code="f">Version abrégée pour la jeunesse (âge de lecture 12-18 ans)</subfield>
  </datafield>
  <datafield tag="502" ind1=" " ind2="1">
    <subfield code="3">11916402</subfield>
    <subfield code="7">ba0yba0y</subfield>
    <subfield code="8">fre###</subfield>
    <subfield code="o">ISNI 0000 0001 2122 217X</subfield>
    <subfield code="a">Moissard</subfield>
    <subfield code="b">Boris</subfield>
    <subfield code="f">1942-....</subfield>
    <subfield code="4">010</subfield>
  </datafield>
  <datafield tag="502" ind1=" " ind2="1">
    <subfield code="3">12626285</subfield>
    <subfield code="7">ba0yba0y</subfield>
    <subfield code="8">frefre</subfield>
    <subfield code="o">ISNI 0000 0000 0891 6874</subfield>
    <subfield code="a">Molitor</subfield>
    <subfield code="b">Lucienne</subfield>
    <subfield code="4">730</subfield>
  </datafield>
  <datafield tag="542" ind1=" " ind2="1">
    <subfield code="5">xxo</subfield>
    <subfield code="p">Est un abrégé de</subfield>
    <subfield code="3">UMLRM0020</subfield>
    <subfield code="7">ba0yba0y</subfield>
    <subfield code="8">freeng</subfield>
    <subfield code="a">Stoker, Bram (1847-1912)</subfield>
    <subfield code="t">Dracula</subfield>
    <subfield code="m">Français</subfield>
    <subfield code="w">Molitor</subfield>
    <subfield code="n">Texte noté</subfield>
  </datafield>
  <datafield tag="640" ind1="6" ind2=" ">
    <subfield code="0">Date de première publication</subfield>
    <subfield code="f">#2005####</subfield>
  </datafield>
  <datafield tag="810" ind1=" " ind2=" ">
    <subfield code="a">Dracula / Bram Stoker ; traduit de l&apos;anglais par Lucienne Molitor ; abrégé par Boris Moissard. – Paris : l&apos;École des loisirs, DL 2019. – [Texte noté : sans médiation]. – ISBN 978-2-211-30470-2</subfield>
  </datafield>
  <datafield tag="810" ind1=" " ind2=" ">
    <subfield code="a">L’école des loisirs : Dracula | L’école des loisirs, Maison d’Édition Jeunesse (ecoledesloisirs.fr) (2022-11-02)</subfield>
    <subfield code="b">Date de l’expression</subfield>
  </datafield>
</record>