
<record format="UNIMARC" type="Authority">
  <leader>02226cx  h2200373   4500</leader>
  <controlfield tag="001">UMLRM0075</controlfield>
  <controlfield tag="005">20221004######.D</controlfield>
  <datafield tag="035" ind1=" " ind2=" ">
    <subfield code="a">Q20726020</subfield>
    <subfield code="2">WIKIDATA</subfield>
    <subfield code="d">20221005</subfield>
  </datafield>
  <datafield tag="035" ind1=" " ind2=" ">
    <subfield code="a">http://viaf.org/viaf/309274502</subfield>
    <subfield code="2">VIAF</subfield>
    <subfield code="d">20221005</subfield>
  </datafield>
  <datafield tag="100" ind1=" " ind2=" ">
    <subfield code="a">20220905afrey50      ba0</subfield>
  </datafield>
  <datafield tag="101" ind1="0" ind2=" ">
    <subfield code="a">eng</subfield>
  </datafield>
  <datafield tag="102" ind1=" " ind2=" ">
    <subfield code="a">GB</subfield>
  </datafield>
  <datafield tag="104" ind1=" " ind2=" ">
    <subfield code="a">d1914</subfield>
  </datafield>
  <datafield tag="125" ind1="0" ind2=" ">
    <subfield code="a">m</subfield>
  </datafield>
  <datafield tag="140" ind1=" " ind2=" ">
    <subfield code="a">te</subfield>
    <subfield code="b">noufa</subfield>
    <subfield code="2">BnF-GenreLitt</subfield>
  </datafield>
  <datafield tag="145" ind1="0" ind2=" ">
    <subfield code="a">i</subfield>
  </datafield>
  <datafield tag="152" ind1=" " ind2=" ">
    <subfield code="a">RDA-FR</subfield>
  </datafield>
  <datafield tag="154" ind1=" " ind2=" ">
    <subfield code="a">xa</subfield>
  </datafield>
  <datafield tag="241" ind1=" " ind2="1">
    <subfield code="3">11925586</subfield>
    <subfield code="o">ISNI 0000 0001 2122 2356</subfield>
    <subfield code="a">Stoker, Bram (1847-1912)</subfield>
    <subfield code="t">Dracula&apos;s guest</subfield>
    <subfield code="7">ba0yba0y</subfield>
    <subfield code="8">freeng</subfield>
  </datafield>
  <datafield tag="370" ind1=" " ind2=" ">
    <subfield code="c">Œuvre publiée à titre posthume</subfield>
    <subfield code="c"> Initialement, premier chapitre du roman Dracula écrit en 1897, il a été omis du livre publié pour des raisons de longueur et publié pour la première fois en 1914</subfield>
    <subfield code="c">Adapté pour le film &quot;La fille de Dracula&quot;</subfield>
  </datafield>
  <datafield tag="378" ind1=" " ind2=" ">
    <subfield code="a">Première rencontre de Jonathan Harker avec le surnaturel, peu avant de se rendre au château du comte Dracula.</subfield>
    <subfield code="b">Wikipedia (2022-10-04)</subfield>
  </datafield>
  <datafield tag="441" ind1=" " ind2="1">
    <subfield code="3">11925586</subfield>
    <subfield code="o">ISNI 0000 0001 2122 2356</subfield>
    <subfield code="a">Stoker, Bram (1847-1912)</subfield>
    <subfield code="t">L’invité de Dracula</subfield>
    <subfield code="7">ba0yba0y</subfield>
    <subfield code="8">frefre</subfield>
  </datafield>
  <datafield tag="441" ind1=" " ind2="1">
    <subfield code="3">11925586</subfield>
    <subfield code="o">ISNI 0000 0001 2122 2356</subfield>
    <subfield code="a">Stoker, Bram (1847-1912)</subfield>
    <subfield code="t">Draculas Gast</subfield>
    <subfield code="7">ba0yba0y</subfield>
    <subfield code="8">freger</subfield>
  </datafield>
  <datafield tag="501" ind1=" " ind2="1">
    <subfield code="3">11925586</subfield>
    <subfield code="7">ba0yba0y</subfield>
    <subfield code="8">freeng</subfield>
    <subfield code="o">ISNI 0000 0001 2122 2356</subfield>
    <subfield code="a">Stoker</subfield>
    <subfield code="b">Bram</subfield>
    <subfield code="f">1847-1912</subfield>
    <subfield code="4">070</subfield>
  </datafield>
  <datafield tag="541" ind1=" " ind2="1">
    <subfield code="5">xxh</subfield>
    <subfield code="p">Antépisode de</subfield>
    <subfield code="3">UMLRM0004</subfield>
    <subfield code="7">ba0yba0y</subfield>
    <subfield code="8">freeng</subfield>
    <subfield code="a">Stoker, Bram (1847-1912)</subfield>
    <subfield code="t">Dracula</subfield>
  </datafield>
  <datafield tag="608" ind1=" " ind2=" ">
    <subfield code="3">11931787</subfield>
    <subfield code="a">Nouvelle fantastique</subfield>
    <subfield code="2">rameauGenre</subfield>
  </datafield>
  <datafield tag="640" ind1="6" ind2=" ">
    <subfield code="0">Date de première publication</subfield>
    <subfield code="f">#1914#####</subfield>
  </datafield>
  <datafield tag="640" ind1="5" ind2=" ">
    <subfield code="0">Date d’écriture</subfield>
    <subfield code="f">#18900308#</subfield>
    <subfield code="i">#18970526#</subfield>
  </datafield>
  <datafield tag="676" ind1=" " ind2=" ">
    <subfield code="a">823</subfield>
    <subfield code="v">23</subfield>
  </datafield>
  <datafield tag="801" ind1=" " ind2="0">
    <subfield code="a">FR</subfield>
    <subfield code="b">FR-751052119</subfield>
    <subfield code="c">20221004</subfield>
  </datafield>
  <datafield tag="810" ind1=" " ind2=" ">
    <subfield code="a">Wikidata : https://www.wikidata.org/wiki/Q20726020</subfield>
    <subfield code="b">Date de première publication et date privilégiée : 1914 ; variantes de point d&apos;accès</subfield>
  </datafield>
  <datafield tag="810" ind1=" " ind2=" ">
    <subfield code="a">Dracula [Texte imprimé] ; suivi de L&apos;invité de Dracula / Bram Stoker ; traduction de Jacques Finné ; présentation et commentaires de Claude Aziza. – Paris : Pocket, impr. 2011. – [Texte noté : sans médiation]. – ISBN =978-2-266-21954-9</subfield>
  </datafield>
  <datafield tag="810" ind1=" " ind2=" ">
    <subfield code="a">Wikipedia : https://en.wikipedia.org/wiki/Dracula%27s_Guest</subfield>
  </datafield>
  <datafield tag="810" ind1=" " ind2=" ">
    <subfield code="a">LC Name Authority File (LCNAF) : https://lccn.loc.gov/no2017152183 (2022-10-04)</subfield>
    <subfield code="b">Historique de l’œuvre</subfield>
  </datafield>
</record>