
<record format="UNIMARC" type="Authority">
  <leader>01217cx  h2200241   4500</leader>
  <controlfield tag="001">UMLRM0076</controlfield>
  <controlfield tag="005">20221030######.D</controlfield>
  <datafield tag="100" ind1=" " ind2=" ">
    <subfield code="a">20220905afrey50      ba0</subfield>
  </datafield>
  <datafield tag="101" ind1="1" ind2=" ">
    <subfield code="a">fre</subfield>
    <subfield code="c">eng</subfield>
  </datafield>
  <datafield tag="102" ind1=" " ind2=" ">
    <subfield code="a">FR</subfield>
  </datafield>
  <datafield tag="104" ind1=" " ind2=" ">
    <subfield code="a">d1992</subfield>
  </datafield>
  <datafield tag="105" ind1=" " ind2=" ">
    <subfield code="a">ba</subfield>
  </datafield>
  <datafield tag="145" ind1=" " ind2=" ">
    <subfield code="a">i</subfield>
    <subfield code="b">axxe</subfield>
  </datafield>
  <datafield tag="152" ind1=" " ind2=" ">
    <subfield code="a">RDA-FR</subfield>
  </datafield>
  <datafield tag="154" ind1=" " ind2=" ">
    <subfield code="a">xb</subfield>
  </datafield>
  <datafield tag="242" ind1=" " ind2="1">
    <subfield code="3">UMLRM0075</subfield>
    <subfield code="7">ba0yba0y</subfield>
    <subfield code="8">freeng</subfield>
    <subfield code="a">Stoker, Bram (1847-1912)</subfield>
    <subfield code="t">Dracula’s guest</subfield>
    <subfield code="m">Français</subfield>
    <subfield code="w">Finné</subfield>
    <subfield code="n">Texte noté</subfield>
  </datafield>
  <datafield tag="442" ind1=" " ind2="1">
    <subfield code="7">ba0yba0y</subfield>
    <subfield code="8">frefre</subfield>
    <subfield code="a">Stoker, Bram (1847-1912)</subfield>
    <subfield code="t">L’invité de Dracula</subfield>
    <subfield code="m">Français</subfield>
    <subfield code="w">Finné</subfield>
    <subfield code="n">Texte noté</subfield>
  </datafield>
  <datafield tag="502" ind1=" " ind2="1">
    <subfield code="3">11902797</subfield>
    <subfield code="7">ba0yba0y</subfield>
    <subfield code="8">frefre</subfield>
    <subfield code="o">ISNI 0000 0001 2023 6609</subfield>
    <subfield code="a">Finné</subfield>
    <subfield code="b">Jacques</subfield>
    <subfield code="4">730</subfield>
  </datafield>
  <datafield tag="542" ind1=" " ind2="1">
    <subfield code="5">xxo</subfield>
    <subfield code="p">Est une traduction de</subfield>
    <subfield code="7">ba0yba0y</subfield>
    <subfield code="8">freeng</subfield>
    <subfield code="a">Stoker, Bram (1847-1912)</subfield>
    <subfield code="t">Dracula’s guest</subfield>
    <subfield code="m">Anglais</subfield>
    <subfield code="n">Texte noté</subfield>
  </datafield>
  <datafield tag="640" ind1="6" ind2=" ">
    <subfield code="0">Date de première publication</subfield>
    <subfield code="f">#1992#####</subfield>
  </datafield>
  <datafield tag="801" ind1=" " ind2="0">
    <subfield code="a">FR</subfield>
    <subfield code="b">FR-751052119</subfield>
    <subfield code="c">20221030</subfield>
  </datafield>
  <datafield tag="810" ind1=" " ind2=" ">
    <subfield code="a">BnF, catalogue général : http://ark.bnf.fr/ark:/12148/cb35544517t (2022-10-30)</subfield>
    <subfield code="b">Date de première publication</subfield>
  </datafield>
  <datafield tag="810" ind1=" " ind2=" ">
    <subfield code="a">Dracula [Texte imprimé] ; suivi de L&apos;invité de Dracula / Bram Stoker ; traduction de Jacques Finné ; présentation et commentaires de Claude Aziza. – Paris : Pocket, impr. 2011. – [Texte noté : sans médiation] . – ISBN 978-2-266-21954-9</subfield>
  </datafield>
</record>