
<record format="UNIMARC" type="Authority">
  <leader>00940cx  f2200241   4500</leader>
  <controlfield tag="001">UMLRM0079</controlfield>
  <controlfield tag="005">20220721######.D</controlfield>
  <datafield tag="100" ind1=" " ind2=" ">
    <subfield code="a">20220721afrey50      ba0</subfield>
  </datafield>
  <datafield tag="101" ind1="0" ind2=" ">
    <subfield code="a">eng</subfield>
  </datafield>
  <datafield tag="102" ind1=" " ind2=" ">
    <subfield code="a">US</subfield>
  </datafield>
  <datafield tag="104" ind1=" " ind2=" ">
    <subfield code="a">d1992</subfield>
  </datafield>
  <datafield tag="127" ind1=" " ind2=" ">
    <subfield code="a">020700</subfield>
  </datafield>
  <datafield tag="145" ind1="0" ind2=" ">
    <subfield code="a">b</subfield>
    <subfield code="b">xa2ae</subfield>
  </datafield>
  <datafield tag="145" ind1="0" ind2=" ">
    <subfield code="c">tdi</subfield>
    <subfield code="2">rdacontent</subfield>
  </datafield>
  <datafield tag="147" ind1="0" ind2=" ">
    <subfield code="a">g</subfield>
    <subfield code="e">c</subfield>
    <subfield code="h">c</subfield>
  </datafield>
  <datafield tag="152" ind1=" " ind2=" ">
    <subfield code="a">RDA-FR</subfield>
  </datafield>
  <datafield tag="154" ind1=" " ind2=" ">
    <subfield code="a">xb</subfield>
  </datafield>
  <datafield tag="232" ind1=" " ind2=" ">
    <subfield code="3">UMLRM0078</subfield>
    <subfield code="7">ba0yba0y</subfield>
    <subfield code="8">freeng</subfield>
    <subfield code="a">Bram Stoker&apos;s Dracula</subfield>
    <subfield code="c">film</subfield>
    <subfield code="m">Anglais</subfield>
  </datafield>
  <datafield tag="371" ind1=" " ind2=" ">
    <subfield code="a">Dolby Digital</subfield>
    <subfield code="f">Film en version originale anglaise, non sous-titrée</subfield>
  </datafield>
  <datafield tag="640" ind1="0" ind2=" ">
    <subfield code="0">Date de copyright</subfield>
    <subfield code="f">#1992#####</subfield>
  </datafield>
  <datafield tag="801" ind1=" " ind2="0">
    <subfield code="a">FR</subfield>
    <subfield code="b">FR-141186101</subfield>
    <subfield code="c">20220721</subfield>
  </datafield>
  <datafield tag="810" ind1=" " ind2=" ">
    <subfield code="a">IMDB (Internet movie database) : https://www.imdb.com/title/tt0103874/ (2022-11-03)</subfield>
    <subfield code="b">Techniques d’enregistrement</subfield>
  </datafield>
  <datafield tag="810" ind1=" " ind2=" ">
    <subfield code="a">Bram Stoker&apos;s Dracula : a Francis Ford Coppola film / Gary Oldman, Winona Ryder, Anthony Hopkins... [et autres], [acteurs]. – Tokyo : Sony pictures entertainment [éditeur]</subfield>
    <subfield code="d"> 1993]. – [Image animée : vidéo]</subfield>
  </datafield>
</record>