
<record format="UNIMARC" type="Authority">
  <leader>01608cx  f2200289   4500</leader>
  <controlfield tag="001">UMLRM0081</controlfield>
  <controlfield tag="005">20220926</controlfield>
  <datafield tag="100" ind1=" " ind2=" ">
    <subfield code="a">20220926afrey50      ba0</subfield>
  </datafield>
  <datafield tag="101" ind1="0" ind2=" ">
    <subfield code="a">fre</subfield>
    <subfield code="a">eng</subfield>
  </datafield>
  <datafield tag="102" ind1=" " ind2=" ">
    <subfield code="a">FR</subfield>
  </datafield>
  <datafield tag="104" ind1=" " ind2=" ">
    <subfield code="a">d2005</subfield>
  </datafield>
  <datafield tag="125" ind1="0" ind2="0">
    <subfield code="a">m</subfield>
  </datafield>
  <datafield tag="140" ind1=" " ind2=" ">
    <subfield code="a">te</subfield>
    <subfield code="b">etdoc</subfield>
    <subfield code="2">BnF-FonctTexMix</subfield>
  </datafield>
  <datafield tag="145" ind1="0" ind2=" ">
    <subfield code="a">i</subfield>
  </datafield>
  <datafield tag="152" ind1=" " ind2=" ">
    <subfield code="a">RDA-FR</subfield>
  </datafield>
  <datafield tag="154" ind1=" " ind2=" ">
    <subfield code="a">xa</subfield>
  </datafield>
  <datafield tag="231" ind1=" " ind2=" ">
    <subfield code="a">&quot;Dracula&quot; : l&apos;oeuvre de Bram Stoker et le film de Francis F. Coppola</subfield>
    <subfield code="7">ba0yba0y</subfield>
    <subfield code="8">frefre</subfield>
  </datafield>
  <datafield tag="370" ind1=" " ind2=" ">
    <subfield code="a">Textes en français et en anglais</subfield>
    <subfield code="a">Bibliographie (7 pages) et en notes</subfield>
  </datafield>
  <datafield tag="378" ind1=" " ind2=" ">
    <subfield code="a">Présente des contributions proposant des éclairages divers sur ces deux œuvres étudiées de manière autonome ou en regard l&apos;une de l&apos;autre, ainsi que des approches critiques différenciées et complémentaires entre les deux auteurs, les deux œuvres et les deux époques, celles de la fin des XIXe et XXe siècles</subfield>
    <subfield code="b">Electre</subfield>
    <subfield code="z">fre</subfield>
  </datafield>
  <datafield tag="501" ind1=" " ind2="1">
    <subfield code="3">12345343</subfield>
    <subfield code="o">ISNI 0000 0001 2281 8514</subfield>
    <subfield code="a">Ménégaldo</subfield>
    <subfield code="b">Gilles</subfield>
    <subfield code="f">1947-....</subfield>
    <subfield code="4">651</subfield>
  </datafield>
  <datafield tag="501" ind1=" " ind2="1">
    <subfield code="3">12179144</subfield>
    <subfield code="o">ISNI 0000 0000 3932 4716</subfield>
    <subfield code="a">Sipière</subfield>
    <subfield code="b">Dominique</subfield>
    <subfield code="4">651</subfield>
  </datafield>
  <datafield tag="531" ind1=" " ind2=" ">
    <subfield code="5">xxr</subfield>
    <subfield code="p">Est une étude de [œuvre]</subfield>
    <subfield code="3">UMLRM0078</subfield>
    <subfield code="7">ba0yba0y</subfield>
    <subfield code="8">freeng</subfield>
    <subfield code="a">Bram Stoker&apos;s Dracula</subfield>
    <subfield code="c">film</subfield>
  </datafield>
  <datafield tag="541" ind1=" " ind2="1">
    <subfield code="5">xxr</subfield>
    <subfield code="p">Est une étude de [œuvre]</subfield>
    <subfield code="3">UMLRM0004</subfield>
    <subfield code="7">ba0yba0y</subfield>
    <subfield code="8">freeng</subfield>
    <subfield code="a">Stoker, Bram (1847-1912)</subfield>
    <subfield code="t">Dracula</subfield>
  </datafield>
  <datafield tag="640" ind1="6" ind2=" ">
    <subfield code="0">Date de première publication</subfield>
    <subfield code="f">#2005#####</subfield>
  </datafield>
  <datafield tag="676" ind1=" " ind2=" ">
    <subfield code="a">823.8 (critique)</subfield>
    <subfield code="v"> 23</subfield>
  </datafield>
  <datafield tag="801" ind1=" " ind2="0">
    <subfield code="a">FR</subfield>
    <subfield code="b">FR-751045101</subfield>
    <subfield code="c">20220926</subfield>
  </datafield>
  <datafield tag="810" ind1=" " ind2=" ">
    <subfield code="a"> &quot;Dracula&quot; [Texte imprimé] : l&apos;oeuvre de Bram Stoker et le film de Francis F. Coppola / ouvrage dirigé par Gilles Menegaldo et Dominique Sipière. - Paris : Ellipses, impr. 2005. [Texte noté : sans médiation]- ISBN 2-7298-2533-9</subfield>
  </datafield>
</record>