
<record format="UNIMARC" type="Authority">
  <leader>01160cx  h2200301   4500</leader>
  <controlfield tag="001">UMLRM0084</controlfield>
  <controlfield tag="005">20220908</controlfield>
  <datafield tag="100" ind1=" " ind2=" ">
    <subfield code="a">20220908afrey50      ba0</subfield>
  </datafield>
  <datafield tag="101" ind1="0" ind2=" ">
    <subfield code="a">fre</subfield>
  </datafield>
  <datafield tag="102" ind1=" " ind2=" ">
    <subfield code="a">FR</subfield>
  </datafield>
  <datafield tag="104" ind1=" " ind2=" ">
    <subfield code="a">d2011</subfield>
  </datafield>
  <datafield tag="125" ind1="0" ind2="0">
    <subfield code="a">m</subfield>
  </datafield>
  <datafield tag="140" ind1=" " ind2=" ">
    <subfield code="a">te</subfield>
    <subfield code="b">biogr</subfield>
    <subfield code="2">BnF-FonctTexMix</subfield>
  </datafield>
  <datafield tag="140" ind1=" " ind2=" ">
    <subfield code="a">te</subfield>
    <subfield code="b">b</subfield>
    <subfield code="2">UM/B105pos12</subfield>
  </datafield>
  <datafield tag="145" ind1="0" ind2=" ">
    <subfield code="a">i</subfield>
  </datafield>
  <datafield tag="152" ind1=" " ind2=" ">
    <subfield code="a">RDA-FR</subfield>
  </datafield>
  <datafield tag="154" ind1=" " ind2=" ">
    <subfield code="a">xa</subfield>
  </datafield>
  <datafield tag="241" ind1=" " ind2="1">
    <subfield code="3">12086193</subfield>
    <subfield code="o">ISNI 0000 0001 0883 2117</subfield>
    <subfield code="a">Cazacu, Matei (1946-....)</subfield>
    <subfield code="t">Dracula</subfield>
    <subfield code="7">ba0yba0y</subfield>
    <subfield code="8">frefre</subfield>
  </datafield>
  <datafield tag="370" ind1=" " ind2=" ">
    <subfield code="a">Carte</subfield>
    <subfield code="a">Bibliographie (4 pages)</subfield>
    <subfield code="a">Index</subfield>
  </datafield>
  <datafield tag="501" ind1=" " ind2="1">
    <subfield code="3">12086193</subfield>
    <subfield code="7">ba0yba0y</subfield>
    <subfield code="8">fre###</subfield>
    <subfield code="o">ISNI 0000 0001 08832 117</subfield>
    <subfield code="a">Cazacu</subfield>
    <subfield code="b">Matei</subfield>
    <subfield code="f">1946-….</subfield>
    <subfield code="4">070</subfield>
  </datafield>
  <datafield tag="600" ind1=" " ind2="0">
    <subfield code="3">11948734</subfield>
    <subfield code="7">ba0yba0y</subfield>
    <subfield code="8">fre###</subfield>
    <subfield code="a">Vlad</subfield>
    <subfield code="d">III</subfield>
    <subfield code="f">1430?-1476?</subfield>
    <subfield code="c">prince de Valachie</subfield>
  </datafield>
  <datafield tag="606" ind1=" " ind2="0">
    <subfield code="3">11962841</subfield>
    <subfield code="7">ba0yba0y</subfield>
    <subfield code="8">fre###</subfield>
    <subfield code="a">Dracula</subfield>
    <subfield code="c">personnage fictif</subfield>
  </datafield>
  <datafield tag="607" ind1=" " ind2=" ">
    <subfield code="3">11949103</subfield>
    <subfield code="7">ba0yba0y</subfield>
    <subfield code="8">frefre</subfield>
    <subfield code="a">Valachie (Roumanie)</subfield>
    <subfield code="3">11976234</subfield>
    <subfield code="z">15e siècle</subfield>
    <subfield code="2">rameau</subfield>
  </datafield>
  <datafield tag="608" ind1=" " ind2=" ">
    <subfield code="3">11935764</subfield>
    <subfield code="a">Biographie</subfield>
    <subfield code="2">rameau-Genre</subfield>
  </datafield>
  <datafield tag="640" ind1="6" ind2=" ">
    <subfield code="0">Date de première publication</subfield>
    <subfield code="f">#2011#####</subfield>
  </datafield>
  <datafield tag="676" ind1=" " ind2=" ">
    <subfield code="a">949.801 4092</subfield>
    <subfield code="v">23</subfield>
  </datafield>
  <datafield tag="801" ind1=" " ind2="0">
    <subfield code="a">FR</subfield>
    <subfield code="b">FR-751045101</subfield>
    <subfield code="c">20220908</subfield>
  </datafield>
  <datafield tag="810" ind1=" " ind2=" ">
    <subfield code="a">Dracula  / Matei Cazacu. – Paris : Tallandier, 2011. – [Texte noté : sans médiation]. – ISBN 978-2-84734-801-9</subfield>
  </datafield>
</record>