
<record format="UNIMARC" type="Authority">
  <leader>01643cx  h2200337   4500</leader>
  <controlfield tag="001">UMLRM0087</controlfield>
  <controlfield tag="005">20220809</controlfield>
  <datafield tag="100" ind1=" " ind2=" ">
    <subfield code="a">20220809afrey50      ba0</subfield>
  </datafield>
  <datafield tag="101" ind1="0" ind2=" ">
    <subfield code="a">fre</subfield>
  </datafield>
  <datafield tag="102" ind1=" " ind2=" ">
    <subfield code="a">FR</subfield>
  </datafield>
  <datafield tag="104" ind1=" " ind2=" ">
    <subfield code="a">d2005</subfield>
  </datafield>
  <datafield tag="125" ind1="0" ind2="2">
    <subfield code="a">m</subfield>
  </datafield>
  <datafield tag="140" ind1=" " ind2=" ">
    <subfield code="a">te</subfield>
    <subfield code="b">etdoc</subfield>
    <subfield code="2">BnF-FonctTexMix</subfield>
  </datafield>
  <datafield tag="140" ind1=" " ind2=" ">
    <subfield code="a">te</subfield>
    <subfield code="b">v</subfield>
    <subfield code="2">UM/B105pos4-7</subfield>
  </datafield>
  <datafield tag="145" ind1="0" ind2=" ">
    <subfield code="a">i</subfield>
  </datafield>
  <datafield tag="145" ind1="0" ind2=" ">
    <subfield code="a">b1</subfield>
    <subfield code="b">xb2e</subfield>
  </datafield>
  <datafield tag="147" ind1="0" ind2=" ">
    <subfield code="a">h</subfield>
  </datafield>
  <datafield tag="152" ind1=" " ind2=" ">
    <subfield code="a">RDA-FR</subfield>
  </datafield>
  <datafield tag="154" ind1=" " ind2=" ">
    <subfield code="a">xa</subfield>
  </datafield>
  <datafield tag="241" ind1=" " ind2="1">
    <subfield code="3">13577629</subfield>
    <subfield code="o">ISNI 0000 0001 2119 5730</subfield>
    <subfield code="a">Valls de Gomis, Estelle (1973-...)</subfield>
    <subfield code="t">Le vampire au fil des siècles : enquête autour d&apos;un mythe</subfield>
    <subfield code="7">ba0yba0y</subfield>
    <subfield code="8">frefre</subfield>
  </datafield>
  <datafield tag="370" ind1=" " ind2=" ">
    <subfield code="a">Texte remanié de la thèse de doctorat en littérature, soutenue à l’université Toulouse 2 en 2003</subfield>
    <subfield code="a">Présence d’illustrations peu nombreuses</subfield>
    <subfield code="a">Bibliographie (20 pages)</subfield>
  </datafield>
  <datafield tag="501" ind1=" " ind2="1">
    <subfield code="3">13577629</subfield>
    <subfield code="7">ba0yba0y</subfield>
    <subfield code="8">frefre</subfield>
    <subfield code="o">ISNI 0000 0001 2119 5730</subfield>
    <subfield code="a">Valls de Gomis</subfield>
    <subfield code="b">Estelle</subfield>
    <subfield code="f">1973-...</subfield>
    <subfield code="4">070</subfield>
  </datafield>
  <datafield tag="541" ind1=" " ind2="1">
    <subfield code="5">xxc</subfield>
    <subfield code="p">Est une adaptation pour un autre public dans le même mode de création de [œuvre]</subfield>
    <subfield code="3">UMLRM0141</subfield>
    <subfield code="7">ba0yba0y</subfield>
    <subfield code="8">frefre</subfield>
    <subfield code="a">Valls de Gomis, Estelle (1973-...)</subfield>
    <subfield code="t">Le vampire au fil des siècles : docimasie d&apos;un mythe</subfield>
  </datafield>
  <datafield tag="606" ind1=" " ind2=" ">
    <subfield code="3">11945972</subfield>
    <subfield code="a">Vampires</subfield>
    <subfield code="3">11996647</subfield>
    <subfield code="x">Dans la littérature</subfield>
    <subfield code="2">rameau</subfield>
  </datafield>
  <datafield tag="606" ind1=" " ind2=" ">
    <subfield code="3">11952413</subfield>
    <subfield code="a">Littérature fantastique</subfield>
    <subfield code="2">rameau</subfield>
  </datafield>
  <datafield tag="608" ind1=" " ind2=" ">
    <subfield code="3">11933610</subfield>
    <subfield code="a">Thèses et écrits académiques</subfield>
    <subfield code="2">rameauForme</subfield>
  </datafield>
  <datafield tag="676" ind1=" " ind2=" ">
    <subfield code="a">398.45</subfield>
    <subfield code="v">23</subfield>
  </datafield>
  <datafield tag="676" ind1=" " ind2=" ">
    <subfield code="a">809.393 75</subfield>
    <subfield code="v">23</subfield>
  </datafield>
  <datafield tag="686" ind1=" " ind2=" ">
    <subfield code="a">800</subfield>
    <subfield code="2">Cadre de classement de la Bibliographie nationale française</subfield>
  </datafield>
  <datafield tag="801" ind1=" " ind2="0">
    <subfield code="a">FR</subfield>
    <subfield code="b">FR-751045101</subfield>
    <subfield code="c">20220809</subfield>
  </datafield>
  <datafield tag="810" ind1=" " ind2=" ">
    <subfield code="a">Le vampire au fil des siècles : enquête autour d&apos;un mythe / Estelle Valls de Gomis. - Coudray-Macouard : Cheminements, DL 2005. – [Texte noté : sans médiation]</subfield>
  </datafield>
</record>