
<record format="UNIMARC" type="Authority">
  <leader>01963cx  f2200373   4500</leader>
  <controlfield tag="001">UMLRM0090</controlfield>
  <controlfield tag="005">20220923112245.D</controlfield>
  <datafield tag="100" ind1=" " ind2=" ">
    <subfield code="a">20220923afrey50      ba0</subfield>
  </datafield>
  <datafield tag="101" ind1="0" ind2=" ">
    <subfield code="a">eng</subfield>
    <subfield code="a">fre</subfield>
  </datafield>
  <datafield tag="102" ind1=" " ind2=" ">
    <subfield code="a">SE</subfield>
  </datafield>
  <datafield tag="104" ind1=" " ind2=" ">
    <subfield code="a">d2003</subfield>
  </datafield>
  <datafield tag="125" ind1="0" ind2="0">
    <subfield code="a">m</subfield>
  </datafield>
  <datafield tag="140" ind1=" " ind2=" ">
    <subfield code="a">em</subfield>
    <subfield code="b">jvac</subfield>
    <subfield code="2">BnF-JeuVidéo</subfield>
  </datafield>
  <datafield tag="145" ind1="0" ind2=" ">
    <subfield code="a">f</subfield>
    <subfield code="b">xxxae</subfield>
  </datafield>
  <datafield tag="145" ind1="0" ind2=" ">
    <subfield code="c">cop</subfield>
    <subfield code="2">rdacontent</subfield>
  </datafield>
  <datafield tag="147" ind1="0" ind2=" ">
    <subfield code="a">g</subfield>
    <subfield code="e">b</subfield>
  </datafield>
  <datafield tag="152" ind1=" " ind2=" ">
    <subfield code="a">RDA-FR</subfield>
  </datafield>
  <datafield tag="154" ind1=" " ind2=" ">
    <subfield code="a">xa</subfield>
  </datafield>
  <datafield tag="231" ind1=" " ind2=" ">
    <subfield code="7">ba0yba0y</subfield>
    <subfield code="8">freeng</subfield>
    <subfield code="a">Nosferatu, the wrath of Malachi</subfield>
    <subfield code="c">jeu vidéo</subfield>
  </datafield>
  <datafield tag="333" ind1=" " ind2=" ">
    <subfield code="a">Public adulte ; déconseillé aux moins de 16 ans</subfield>
  </datafield>
  <datafield tag="370" ind1=" " ind2=" ">
    <subfield code="a">Jeu de tir à la première personne sorti sur PC. Mode de jeu : solo</subfield>
    <subfield code="a">Genre : Survival horror</subfield>
    <subfield code="c">Inspiré du roman &quot;Dracula&quot; de Bram Stoker et du film de F.W. Murnau &quot;Nosferatu&quot;</subfield>
    <subfield code="c">Édité par iGames Publishing (États-Unis) et par Mindscape (Grande-Bretagne)</subfield>
  </datafield>
  <datafield tag="378" ind1=" " ind2=" ">
    <subfield code="a">Délivrez votre famille kidnappée par Dracula qui veut la sacrifier au cours d&apos;un rituel démoniaque. En utilisant des armes traditionnelles, explorez le château du vampire, château dont l&apos;agencement des pièces change constamment.</subfield>
    <subfield code="b">jeuxvideos.com</subfield>
    <subfield code="u"> https://www.jeuxvideo.com/jeux/pc/00011666-nosferatu-the-wrath-of-malachi.htm</subfield>
  </datafield>
  <datafield tag="511" ind1="0" ind2="2">
    <subfield code="3">15513730</subfield>
    <subfield code="7">ba0yba0y</subfield>
    <subfield code="8">fre###</subfield>
    <subfield code="a">Idol FX AB</subfield>
    <subfield code="4">635</subfield>
  </datafield>
  <datafield tag="511" ind1="0" ind2="2">
    <subfield code="3">14466131</subfield>
    <subfield code="7">ba0yba0y</subfield>
    <subfield code="8">freeng</subfield>
    <subfield code="a">Pan vision corporate games</subfield>
    <subfield code="4">635</subfield>
  </datafield>
  <datafield tag="531" ind1=" " ind2=" ">
    <subfield code="5">xxl</subfield>
    <subfield code="3">UMLRM0001</subfield>
    <subfield code="7">ba0yba0y</subfield>
    <subfield code="8">freger</subfield>
    <subfield code="a"> Nosferatu, eine Symphonie des Grauens</subfield>
    <subfield code="c">film</subfield>
  </datafield>
  <datafield tag="541" ind1=" " ind2="1">
    <subfield code="5">xxl</subfield>
    <subfield code="3">UMLRM0004</subfield>
    <subfield code="7">ba0yba0y</subfield>
    <subfield code="8">freeng</subfield>
    <subfield code="a">Stoker, Bram (1847-1912)</subfield>
    <subfield code="t"> Dracula</subfield>
  </datafield>
  <datafield tag="608" ind1=" " ind2=" ">
    <subfield code="a">Jeu d&apos;arcade ou d&apos;action</subfield>
    <subfield code="2">frTAV</subfield>
  </datafield>
  <datafield tag="608" ind1=" " ind2=" ">
    <subfield code="a">Jeu vidéo</subfield>
    <subfield code="2">frTAV</subfield>
  </datafield>
  <datafield tag="608" ind1=" " ind2=" ">
    <subfield code="3">13318902</subfield>
    <subfield code="a">Jeux vidéo</subfield>
    <subfield code="2">rameauGenre</subfield>
  </datafield>
  <datafield tag="640" ind1="6" ind2=" ">
    <subfield code="0">Date de première mise à disposition</subfield>
    <subfield code="a">US</subfield>
    <subfield code="f">#20031021#</subfield>
  </datafield>
  <datafield tag="640" ind1="6" ind2=" ">
    <subfield code="0">Date de première mise à disposition</subfield>
    <subfield code="a">GB</subfield>
    <subfield code="f">#20040514#</subfield>
  </datafield>
  <datafield tag="640" ind1="6" ind2=" ">
    <subfield code="0">Date de première mise à disposition</subfield>
    <subfield code="a">FR</subfield>
    <subfield code="f">#20030830#</subfield>
  </datafield>
  <datafield tag="801" ind1=" " ind2="0">
    <subfield code="a">FR</subfield>
    <subfield code="b">FR-751043001</subfield>
    <subfield code="c">20220923</subfield>
  </datafield>
  <datafield tag="810" ind1=" " ind2=" ">
    <subfield code="a">jeuxvideos.com - https://www.jeuxvideo.com/jeux/pc/00011666-nosferatu-the-wrath-of-malachi.htm (2022-09-23)</subfield>
  </datafield>
</record>