
<record format="UNIMARC" type="Authority">
  <leader>01362nx  f2200265   4500</leader>
  <controlfield tag="001">UMLRM0091</controlfield>
  <datafield tag="100" ind1=" " ind2=" ">
    <subfield code="a">202211043afrey50      ba0</subfield>
  </datafield>
  <datafield tag="101" ind1="0" ind2=" ">
    <subfield code="a">fre</subfield>
  </datafield>
  <datafield tag="102" ind1=" " ind2=" ">
    <subfield code="a">FR</subfield>
  </datafield>
  <datafield tag="104" ind1=" " ind2=" ">
    <subfield code="a">d2003</subfield>
  </datafield>
  <datafield tag="105" ind1=" " ind2=" ">
    <subfield code="a">ba</subfield>
  </datafield>
  <datafield tag="145" ind1=" " ind2=" ">
    <subfield code="a">f</subfield>
    <subfield code="b">xxxae</subfield>
  </datafield>
  <datafield tag="145" ind1=" " ind2=" ">
    <subfield code="c">cop</subfield>
    <subfield code="2">rdacontent</subfield>
  </datafield>
  <datafield tag="147" ind1=" " ind2=" ">
    <subfield code="a">g</subfield>
    <subfield code="e">b</subfield>
  </datafield>
  <datafield tag="152" ind1=" " ind2=" ">
    <subfield code="a"> RDA-FR</subfield>
  </datafield>
  <datafield tag="154" ind1=" " ind2=" ">
    <subfield code="a">xb</subfield>
  </datafield>
  <datafield tag="232" ind1=" " ind2=" ">
    <subfield code="3">UMLRM0090</subfield>
    <subfield code="7">ba0yba0y</subfield>
    <subfield code="8">freeng</subfield>
    <subfield code="a">Nosferatu, the wrath of Malachi</subfield>
    <subfield code="c">jeu vidéo</subfield>
    <subfield code="w">PC</subfield>
    <subfield code="m">Français</subfield>
  </datafield>
  <datafield tag="371" ind1=" " ind2=" ">
    <subfield code="f">Plateforme : PC</subfield>
    <subfield code="f">Version française</subfield>
  </datafield>
  <datafield tag="640" ind1="6" ind2=" ">
    <subfield code="0">Date de première mise à disposition</subfield>
    <subfield code="a">FR</subfield>
    <subfield code="f">#20030830#</subfield>
  </datafield>
  <datafield tag="801" ind1=" " ind2="0">
    <subfield code="a">FR</subfield>
    <subfield code="b">FR-751131015</subfield>
    <subfield code="c">20221104</subfield>
  </datafield>
  <datafield tag="810" ind1=" " ind2=" ">
    <subfield code="a"> jeuxvideos.com : https://www.jeuxvideo.com/jeux/pc/00011666-nosferatu-the-wrath-of-malachi.htm (2022-11-04)</subfield>
  </datafield>
  <datafield tag="810" ind1=" " ind2=" ">
    <subfield code="a">Nosferatu : the wrath of Malachi / Idol FX AB, Pan vision. – Version française. – Courbevoie : Neo publishing, [2003]. – [Multimédia : électronique]</subfield>
  </datafield>
  <datafield tag="810" ind1=" " ind2=" ">
    <subfield code="a">Wikipedia - https://fr.wikipedia.org/wiki/Nosferatu:_The_Wrath_of_Malachi (2022-09-23)</subfield>
    <subfield code="b">Date et genre précis de l’œuvre</subfield>
  </datafield>
  <datafield tag="810" ind1=" " ind2=" ">
    <subfield code="a">Giant Bomb : Video game reviews, videos, forums and wiki : Nosferatu: The Wrath of Malachi (Game) - Giant Bomb (2022-11-04)</subfield>
    <subfield code="b">Date et source d’inspiration de l’œuvre</subfield>
  </datafield>
  <datafield tag="810" ind1=" " ind2=" ">
    <subfield code="a">Nosferatu : the wrath of Malachi / Idol FX AB, Pan vision. – [Clichy] : Eidos ; Boulogne-Billancourt : Mindscape, cop. 2005. – [Multimédia : électronique]</subfield>
  </datafield>
</record>