
<record format="UNIMARC" type="Authority">
  <leader>02097cx  h2200337   4500</leader>
  <controlfield tag="001">UMLRM0099</controlfield>
  <controlfield tag="005">20220811.......D</controlfield>
  <datafield tag="100" ind1=" " ind2=" ">
    <subfield code="a">20220811afrey50      ba0</subfield>
  </datafield>
  <datafield tag="101" ind1="0" ind2=" ">
    <subfield code="a">fre</subfield>
  </datafield>
  <datafield tag="102" ind1=" " ind2=" ">
    <subfield code="a">FR</subfield>
  </datafield>
  <datafield tag="104" ind1=" " ind2=" ">
    <subfield code="a">d1988</subfield>
  </datafield>
  <datafield tag="125" ind1="0" ind2="0">
    <subfield code="a">e</subfield>
  </datafield>
  <datafield tag="125" ind1="0" ind2=" ">
    <subfield code="a">m</subfield>
  </datafield>
  <datafield tag="140" ind1=" " ind2=" ">
    <subfield code="a">mi</subfield>
    <subfield code="b">bdfta</subfield>
    <subfield code="2">BnF-FormeOeuvreMixte</subfield>
  </datafield>
  <datafield tag="145" ind1="0" ind2=" ">
    <subfield code="a">b</subfield>
    <subfield code="b">xb2e</subfield>
  </datafield>
  <datafield tag="145" ind1="0" ind2=" ">
    <subfield code="a">i</subfield>
    <subfield code="b">axxe</subfield>
  </datafield>
  <datafield tag="147" ind1="0" ind2=" ">
    <subfield code="a">a</subfield>
  </datafield>
  <datafield tag="152" ind1=" " ind2=" ">
    <subfield code="a">RDA-FR</subfield>
  </datafield>
  <datafield tag="154" ind1=" " ind2=" ">
    <subfield code="a">xa</subfield>
  </datafield>
  <datafield tag="241" ind1=" " ind2="1">
    <subfield code="3">11900673</subfield>
    <subfield code="o">ISNI 0000 0001 2125 5326</subfield>
    <subfield code="a">Druillet, Philippe (1944-....)</subfield>
    <subfield code="t">Nosferatu</subfield>
    <subfield code="7">ba0yba0y</subfield>
    <subfield code="8">frefre</subfield>
  </datafield>
  <datafield tag="370" ind1=" " ind2=" ">
    <subfield code="c">D&apos;après le roman de Bram Stoker et le film de F.-W. Murnau</subfield>
  </datafield>
  <datafield tag="378" ind1=" " ind2=" ">
    <subfield code="a">Les temps ont changé. Comment était-ce, autrefois ? Comment était-ce, la vie ? Nous avons dû changer, nous, ceux de la surface. Mutation, nourriture... C&apos;est peut-être pour cela que nous sommes devenus des vampires...</subfield>
    <subfield code="b">Babelio</subfield>
    <subfield code="z">fre</subfield>
  </datafield>
  <datafield tag="378" ind1=" " ind2=" ">
    <subfield code="a">Dernier survivant de sa tribu, Nosferatu ne sait pas vraiment s’il est ou non un vampire. Depuis que la planète a été dévastée par un mystérieux cataclysme, qui a fini par faire disparaître la quasi totalité de la vie, il doit cependant consommer de la chair fraîche pour survivre. Déclamant ci-et-là du Baudelaire, du théâtre et se laissant parfois aller à un humour enfantin, la créature solitaire tente tant bien que mal de ne pas sombrer dans la folie, et de trouver une échappatoire à sa condition.</subfield>
    <subfield code="b">Vampirisme.com</subfield>
    <subfield code="z">fre</subfield>
  </datafield>
  <datafield tag="501" ind1=" " ind2="1">
    <subfield code="3">11900673</subfield>
    <subfield code="7">ba0yba0y</subfield>
    <subfield code="8">frefre</subfield>
    <subfield code="o">ISNI 0000 0001 2125 5326</subfield>
    <subfield code="a">Druillet</subfield>
    <subfield code="b">Philippe</subfield>
    <subfield code="f">1944-....</subfield>
    <subfield code="4">070</subfield>
    <subfield code="4">440</subfield>
  </datafield>
  <datafield tag="531" ind1=" " ind2=" ">
    <subfield code="5">xxl</subfield>
    <subfield code="3">UMLRM0001</subfield>
    <subfield code="7">ba0yba0y</subfield>
    <subfield code="8">freger</subfield>
    <subfield code="t">Nosferatu : eine Symphonie des Grauens</subfield>
    <subfield code="c">film</subfield>
  </datafield>
  <datafield tag="541" ind1=" " ind2="1">
    <subfield code="5">xxl</subfield>
    <subfield code="3">UMLRM0004</subfield>
    <subfield code="7">ba0yba0y</subfield>
    <subfield code="8">freeng</subfield>
    <subfield code="a">Stoker</subfield>
    <subfield code="b">Bram (1847-1912)</subfield>
    <subfield code="t">Dracula</subfield>
  </datafield>
  <datafield tag="608" ind1=" " ind2=" ">
    <subfield code="3">11931019</subfield>
    <subfield code="a">Bandes dessinées</subfield>
    <subfield code="2">rameauForme</subfield>
  </datafield>
  <datafield tag="640" ind1="6" ind2=" ">
    <subfield code="0">Date de première publication</subfield>
    <subfield code="f">#1988#####</subfield>
  </datafield>
  <datafield tag="801" ind1=" " ind2="0">
    <subfield code="a">FR</subfield>
    <subfield code="b">FR-751045101</subfield>
    <subfield code="c">20220811</subfield>
  </datafield>
  <datafield tag="810" ind1=" " ind2=" ">
    <subfield code="a">Vampirisme.com : https://www.vampirisme.com/livre/druillet-philippe-nosferatu(2022-09-18)</subfield>
    <subfield code="b">Résumé</subfield>
  </datafield>
  <datafield tag="810" ind1=" " ind2=" ">
    <subfield code="a">Nosferatu/Philippe Druillet. - Paris ; Barcelone ; Bruxelles : Dargaud, 1988. - [Texte noté. Image fixe : sans médiation]. - ISBN 2-205-03763-3</subfield>
  </datafield>
</record>