
<record format="UNIMARC" type="Authority">
  <leader>03174nx  f2200529   4500</leader>
  <controlfield tag="001">UMLRM0105</controlfield>
  <datafield tag="033" ind1=" " ind2=" ">
    <subfield code="a">https://data.bnf.fr/ark:/12148/cb16472893n</subfield>
    <subfield code="2">data.bnf.fr</subfield>
  </datafield>
  <datafield tag="033" ind1=" " ind2=" ">
    <subfield code="a">https://www.wikidata.org/wiki/Q1254472</subfield>
    <subfield code="2">Wikidata</subfield>
  </datafield>
  <datafield tag="052" ind1=" " ind2=" ">
    <subfield code="a">0000-0004-7CA4-0000-R-0000-0000-U</subfield>
  </datafield>
  <datafield tag="100" ind1=" " ind2=" ">
    <subfield code="a">20220905afrey50      ba0</subfield>
  </datafield>
  <datafield tag="101" ind1="0" ind2=" ">
    <subfield code="a">eng</subfield>
  </datafield>
  <datafield tag="102" ind1=" " ind2=" ">
    <subfield code="a">GB</subfield>
  </datafield>
  <datafield tag="104" ind1=" " ind2=" ">
    <subfield code="a">d1968</subfield>
  </datafield>
  <datafield tag="125" ind1="0" ind2="0">
    <subfield code="a">m</subfield>
  </datafield>
  <datafield tag="127" ind1="0" ind2=" ">
    <subfield code="a">013200</subfield>
  </datafield>
  <datafield tag="140" ind1=" " ind2=" ">
    <subfield code="a">ic</subfield>
    <subfield code="b">ffho</subfield>
    <subfield code="2">BnF-GenreFilm</subfield>
  </datafield>
  <datafield tag="140" ind1=" " ind2=" ">
    <subfield code="a">ic</subfield>
    <subfield code="b">fffa</subfield>
    <subfield code="2">BnF-GenreFilm</subfield>
  </datafield>
  <datafield tag="145" ind1="0" ind2=" ">
    <subfield code="a">b</subfield>
    <subfield code="b">xa2ae</subfield>
  </datafield>
  <datafield tag="147" ind1="0" ind2=" ">
    <subfield code="a">g</subfield>
    <subfield code="e">c</subfield>
  </datafield>
  <datafield tag="152" ind1=" " ind2=" ">
    <subfield code="a">RDA-FR</subfield>
  </datafield>
  <datafield tag="154" ind1=" " ind2=" ">
    <subfield code="a">xa</subfield>
  </datafield>
  <datafield tag="231" ind1=" " ind2=" ">
    <subfield code="7">ba0yba0y</subfield>
    <subfield code="8">freeng</subfield>
    <subfield code="a">Dracula has risen from the grave</subfield>
    <subfield code="c">film</subfield>
  </datafield>
  <datafield tag="333" ind1=" " ind2=" ">
    <subfield code="a">Interdit aux moins de 12 ans</subfield>
  </datafield>
  <datafield tag="370" ind1=" " ind2=" ">
    <subfield code="a">Quatrième film de la série &quot;Dracula&quot; produite par la société Hammer Film Productions.</subfield>
  </datafield>
  <datafield tag="431" ind1=" " ind2=" ">
    <subfield code="a">Dracula et les femmes</subfield>
    <subfield code="c">film</subfield>
    <subfield code="7">ba0yba0y</subfield>
    <subfield code="8">frefre</subfield>
  </datafield>
  <datafield tag="441" ind1=" " ind2="1">
    <subfield code="3">14001257</subfield>
    <subfield code="o">ISNI 0000 0001 1044 7015</subfield>
    <subfield code="a">Francis, Freddie (1917-2007)</subfield>
    <subfield code="t">Dracula has risen from the grave</subfield>
    <subfield code="c">film</subfield>
    <subfield code="7">ba0yba0y</subfield>
    <subfield code="8">freeng</subfield>
  </datafield>
  <datafield tag="441" ind1=" " ind2="1">
    <subfield code="3">14001257</subfield>
    <subfield code="o">ISNI 0000 0001 1044 7015</subfield>
    <subfield code="a">Francis, Freddie (1917-2007)</subfield>
    <subfield code="t">Dracula et les femmes</subfield>
    <subfield code="c">film</subfield>
    <subfield code="7">ba0yba0y</subfield>
    <subfield code="8">frefre</subfield>
  </datafield>
  <datafield tag="501" ind1="1" ind2=" ">
    <subfield code="3">14001257</subfield>
    <subfield code="7">ba0yba0y</subfield>
    <subfield code="8">freeng</subfield>
    <subfield code="o">ISNI 0000 0001 1044 7015</subfield>
    <subfield code="a">Francis, Freddie (1917-2007)‎</subfield>
    <subfield code="4">300</subfield>
  </datafield>
  <datafield tag="501" ind1=" " ind2="1">
    <subfield code="3">17975514</subfield>
    <subfield code="7">ba0yba0y</subfield>
    <subfield code="8">freeng</subfield>
    <subfield code="a">Elder</subfield>
    <subfield code="b">John</subfield>
    <subfield code="f">1922-2013</subfield>
    <subfield code="4">690</subfield>
  </datafield>
  <datafield tag="501" ind1=" " ind2="1">
    <subfield code="3">13891418</subfield>
    <subfield code="7">ba0yba0y</subfield>
    <subfield code="8">fre###</subfield>
    <subfield code="o">ISNI 0000 0001 1604 3011</subfield>
    <subfield code="a">Bernard</subfield>
    <subfield code="b">James</subfield>
    <subfield code="f">1925-2001</subfield>
    <subfield code="4">230</subfield>
  </datafield>
  <datafield tag="501" ind1=" " ind2="1">
    <subfield code="3">12213529</subfield>
    <subfield code="7">ba0yba0y</subfield>
    <subfield code="8">freeng</subfield>
    <subfield code="o">ISNI 0000 0001 2284 3808</subfield>
    <subfield code="a">Lee</subfield>
    <subfield code="b">Christopher</subfield>
    <subfield code="f">1922-2015</subfield>
    <subfield code="4">005</subfield>
  </datafield>
  <datafield tag="501" ind1=" " ind2="1">
    <subfield code="3">14169469</subfield>
    <subfield code="7">ba0yba0y</subfield>
    <subfield code="8">freeng</subfield>
    <subfield code="o">ISNI 0000 0000 3949 8521</subfield>
    <subfield code="a">Davies</subfield>
    <subfield code="b">Rupert</subfield>
    <subfield code="f">1916-1976</subfield>
    <subfield code="4">005</subfield>
  </datafield>
  <datafield tag="501" ind1=" " ind2="1">
    <subfield code="3">14067231</subfield>
    <subfield code="7">ba0yba0y</subfield>
    <subfield code="8">freeng</subfield>
    <subfield code="o">ISNI 0000 0000 7245 7211</subfield>
    <subfield code="a">Carlson</subfield>
    <subfield code="b">Veronica</subfield>
    <subfield code="f">1944-202</subfield>
    <subfield code="4">005</subfield>
  </datafield>
  <datafield tag="511" ind1="0" ind2="2">
    <subfield code="3">13167642</subfield>
    <subfield code="7">ba0yba0y</subfield>
    <subfield code="8">freeng</subfield>
    <subfield code="o">ISNI 0000 0001 2191 3894</subfield>
    <subfield code="a">Hammer Film Productions‎</subfield>
    <subfield code="4">630</subfield>
  </datafield>
  <datafield tag="531" ind1=" " ind2=" ">
    <subfield code="5">xxd</subfield>
    <subfield code="3">UMLRM0180</subfield>
    <subfield code="a">Dracula</subfield>
    <subfield code="c">film ; série</subfield>
  </datafield>
  <datafield tag="541" ind1=" " ind2=" ">
    <subfield code="5">xxl</subfield>
    <subfield code="3">UMLRM0004</subfield>
    <subfield code="a">Stoker, Bram (1847-1912)</subfield>
    <subfield code="t">Dracula</subfield>
    <subfield code="7">ba0yba0y</subfield>
    <subfield code="8">freeng</subfield>
  </datafield>
  <datafield tag="640" ind1="5" ind2=" ">
    <subfield code="0">Tournage</subfield>
    <subfield code="a">GB</subfield>
    <subfield code="d">Londres</subfield>
    <subfield code="e">Pinewood studios</subfield>
    <subfield code="f">#19680422#</subfield>
    <subfield code="i">#19680604#</subfield>
  </datafield>
  <datafield tag="640" ind1="6" ind2=" ">
    <subfield code="a">GB</subfield>
    <subfield code="f">#19681107#</subfield>
  </datafield>
  <datafield tag="640" ind1="6" ind2=" ">
    <subfield code="a">FR</subfield>
    <subfield code="f">#19690606#</subfield>
  </datafield>
  <datafield tag="801" ind1=" " ind2=" ">
    <subfield code="a">FR</subfield>
    <subfield code="b">FR-341725402</subfield>
    <subfield code="c">20220905</subfield>
  </datafield>
  <datafield tag="810" ind1=" " ind2=" ">
    <subfield code="a">Dracula has risen from the grave‎ / starring Christopher Lee, Rupert Davies ; produced by Aïda Young ; directed by Freddie Francis ; screenplay by John Elder based on the character created by Bram Stoker ; a Hammer film production. – [Burbank, Californie, États-Unis : Warner home video [éditeur] ; Paris : Warner home video France [distributeur], [1995]. – [Image animée : video]</subfield>
  </datafield>
  <datafield tag="810" ind1=" " ind2=" ">
    <subfield code="a">Ciné-ressources : catalogue collectif des bibliothèques et archives de cinéma : http://www.cineressources.net (2022-11-04)</subfield>
  </datafield>
  <datafield tag="810" ind1=" " ind2=" ">
    <subfield code="a">Registre des visas et de la classification du CNC - https://www.cnc.fr/professionnels/visas-et-classification/35505 (2021-06-22)</subfield>
  </datafield>
  <datafield tag="810" ind1=" " ind2=" ">
    <subfield code="a">Wikipédia : https://fr.wikipedia.org/wiki/Dracula_et_les_Femmes (2022-11-04)</subfield>
  </datafield>
  <datafield tag="810" ind1=" " ind2=" ">
    <subfield code="a">IMDB (Internet movie database) : https://www.imdb.com/title/tt0062909 (2022-11-04)</subfield>
  </datafield>
  <datafield tag="810" ind1=" " ind2=" ">
    <subfield code="a">BnF Catalogue général : http://catalogue.bnf.fr/ark:/12148/cb16472893n</subfield>
  </datafield>
  <datafield tag="810" ind1=" " ind2=" ">
    <subfield code="a">Data.bnf.fr : https://data.bnf.fr/ark:/12148/cb16472893n (2022-09-05)</subfield>
  </datafield>
</record>