
<record format="UNIMARC" type="Authority">
  <leader>01033nx  f2200217   4500</leader>
  <controlfield tag="001">UMLRM0106</controlfield>
  <datafield tag="100" ind1=" " ind2=" ">
    <subfield code="a">20220830afrey50      ba0</subfield>
  </datafield>
  <datafield tag="101" ind1="0" ind2=" ">
    <subfield code="a">eng</subfield>
  </datafield>
  <datafield tag="102" ind1=" " ind2=" ">
    <subfield code="a">GB</subfield>
  </datafield>
  <datafield tag="104" ind1=" " ind2=" ">
    <subfield code="a">d1968</subfield>
  </datafield>
  <datafield tag="105" ind1=" " ind2=" ">
    <subfield code="a">ba</subfield>
  </datafield>
  <datafield tag="145" ind1="0" ind2=" ">
    <subfield code="a">b</subfield>
    <subfield code="b">xa2ae</subfield>
  </datafield>
  <datafield tag="147" ind1="0" ind2=" ">
    <subfield code="a">g</subfield>
    <subfield code="e">c</subfield>
    <subfield code="g">d</subfield>
    <subfield code="h">a</subfield>
  </datafield>
  <datafield tag="152" ind1=" " ind2=" ">
    <subfield code="a">RDA-FR</subfield>
  </datafield>
  <datafield tag="154" ind1=" " ind2=" ">
    <subfield code="a">xb</subfield>
  </datafield>
  <datafield tag="232" ind1=" " ind2=" ">
    <subfield code="3">UMLRM0105</subfield>
    <subfield code="7">ba0yba0y</subfield>
    <subfield code="8">fre</subfield>
    <subfield code="a">Dracula has risen from the grave</subfield>
    <subfield code="c">film</subfield>
    <subfield code="m">Anglais</subfield>
  </datafield>
  <datafield tag="371" ind1=" " ind2=" ">
    <subfield code="f">Film en version originale anglaise, non sous-titrée</subfield>
  </datafield>
  <datafield tag="640" ind1="6" ind2=" ">
    <subfield code="a">GB</subfield>
    <subfield code="f">#19681107#</subfield>
  </datafield>
  <datafield tag="801" ind1=" " ind2=" ">
    <subfield code="a">FR</subfield>
    <subfield code="b">FR-341725402</subfield>
    <subfield code="c">20220905</subfield>
  </datafield>
  <datafield tag="810" ind1=" " ind2=" ">
    <subfield code="a">IMDB (Internet movie database) : https://www.imdb.com/title/tt0062909 (2022-11-04)</subfield>
    <subfield code="b">Techniques d’enregistrement</subfield>
  </datafield>
  <datafield tag="810" ind1=" " ind2=" ">
    <subfield code="a">Dracula has risen from the grave‎ / starring Christopher Lee, Rupert Davies ; produced by Aïda Young ; directed by Freddie Francis ; screenplay by John Elder based on the character created by Bram Stoker ; a Hammer film production. – [Burbank, Californie, États-Unis : Warner home video [éditeur] ; Paris : Warner home video France [distributeur], [1995]. – [Image animée : video]</subfield>
  </datafield>
</record>