
<record format="UNIMARC" type="Authority">
  <leader>00736cx  h2200205   4500</leader>
  <controlfield tag="001">UMLRM0112</controlfield>
  <controlfield tag="005">20220920######.D</controlfield>
  <datafield tag="100" ind1=" " ind2=" ">
    <subfield code="a">20220920afrey50      ba0</subfield>
  </datafield>
  <datafield tag="101" ind1="0" ind2=" ">
    <subfield code="a">eng</subfield>
  </datafield>
  <datafield tag="102" ind1=" " ind2=" ">
    <subfield code="a">GB</subfield>
  </datafield>
  <datafield tag="104" ind1=" " ind2=" ">
    <subfield code="a">d2009</subfield>
  </datafield>
  <datafield tag="105" ind1=" " ind2=" ">
    <subfield code="a">ba</subfield>
  </datafield>
  <datafield tag="145" ind1="0" ind2=" ">
    <subfield code="a">i</subfield>
    <subfield code="b">axxe</subfield>
  </datafield>
  <datafield tag="152" ind1=" " ind2=" ">
    <subfield code="a">RDA-FR</subfield>
  </datafield>
  <datafield tag="154" ind1=" " ind2=" ">
    <subfield code="a">xb</subfield>
  </datafield>
  <datafield tag="242" ind1=" " ind2="1">
    <subfield code="3">UMLRM0111</subfield>
    <subfield code="7">ba0yba0y</subfield>
    <subfield code="8">freeng</subfield>
    <subfield code="a">Hughes, William (1964-....)</subfield>
    <subfield code="t">Bram Stoker’s Dracula : a reader’s guide</subfield>
    <subfield code="m">Anglais</subfield>
    <subfield code="n">Texte noté</subfield>
  </datafield>
  <datafield tag="640" ind1="6" ind2=" ">
    <subfield code="0">Date de première publication</subfield>
    <subfield code="f">#2009#####</subfield>
  </datafield>
  <datafield tag="640" ind1="0" ind2=" ">
    <subfield code="0">Date de copyright</subfield>
    <subfield code="f">#2009#####</subfield>
  </datafield>
  <datafield tag="801" ind1=" " ind2="0">
    <subfield code="a">FR</subfield>
    <subfield code="b">FR-751045101</subfield>
    <subfield code="c">20220920</subfield>
  </datafield>
  <datafield tag="810" ind1=" " ind2=" ">
    <subfield code="a">Bram Stoker’s Dracula : a reader’s guide / Willam Hughes. – London ; New York : Continuum, cop. 2009. – [Texte noté : sans médiation]. – ISBN 9780826495365</subfield>
  </datafield>
</record>