
<record format="UNIMARC" type="Authority">
  <leader>01766cx  h2200313   4500</leader>
  <controlfield tag="001">UMLRM0114</controlfield>
  <controlfield tag="005">202210171342##.D</controlfield>
  <datafield tag="033" ind1=" " ind2=" ">
    <subfield code="a">https://www.wikidata.org/wiki/Q1750300</subfield>
    <subfield code="2">Wikidata</subfield>
  </datafield>
  <datafield tag="100" ind1=" " ind2=" ">
    <subfield code="a">20221017afrey50      ba0</subfield>
  </datafield>
  <datafield tag="101" ind1="0" ind2=" ">
    <subfield code="a">eng</subfield>
  </datafield>
  <datafield tag="102" ind1=" " ind2=" ">
    <subfield code="a">GB</subfield>
  </datafield>
  <datafield tag="104" ind1=" " ind2=" ">
    <subfield code="a">d2009</subfield>
  </datafield>
  <datafield tag="125" ind1="0" ind2="0">
    <subfield code="a">m</subfield>
  </datafield>
  <datafield tag="140" ind1=" " ind2=" ">
    <subfield code="a">te</subfield>
    <subfield code="b">rofan</subfield>
    <subfield code="2">BnF-GenreLitt</subfield>
  </datafield>
  <datafield tag="152" ind1=" " ind2=" ">
    <subfield code="a">RDA-FR</subfield>
  </datafield>
  <datafield tag="154" ind1=" " ind2=" ">
    <subfield code="a">xa</subfield>
  </datafield>
  <datafield tag="241" ind1=" " ind2="1">
    <subfield code="3">16166678</subfield>
    <subfield code="o">ISNI 0000 0001 1080 0544</subfield>
    <subfield code="a">Stoker, Dacre</subfield>
    <subfield code="3">16166639</subfield>
    <subfield code="o">ISNI 0000 0001 0923 8478</subfield>
    <subfield code="a">Holt, Ian (1964-….)</subfield>
    <subfield code="t">Dracula, the un-dead</subfield>
    <subfield code="7">ba0yba0y</subfield>
    <subfield code="8">freeng</subfield>
  </datafield>
  <datafield tag="370" ind1=" " ind2=" ">
    <subfield code="a">Suite du roman de Bram Stoker</subfield>
    <subfield code="a">Accompagnée de reproductions en fac-similé de notes de Bram Stoker</subfield>
  </datafield>
  <datafield tag="441" ind1=" " ind2="1">
    <subfield code="3">16166678</subfield>
    <subfield code="o">ISNI 0000 0001 1080 0544</subfield>
    <subfield code="a"> Stoker, Dacre</subfield>
    <subfield code="3">16166639</subfield>
    <subfield code="o">ISNI 0000 0001 0923 8478</subfield>
    <subfield code="a">Holt, Ian (1964-….)</subfield>
  </datafield>
  <datafield tag="501" ind1=" " ind2="1">
    <subfield code="3">16166678</subfield>
    <subfield code="7">ba0yba0y</subfield>
    <subfield code="8">freeng</subfield>
    <subfield code="o">ISNI 0000 0001 1080 0544</subfield>
    <subfield code="a">Stoker</subfield>
    <subfield code="b">Dacre</subfield>
    <subfield code="4">070</subfield>
  </datafield>
  <datafield tag="501" ind1=" " ind2="1">
    <subfield code="3">16166639</subfield>
    <subfield code="7">ba0yba0y</subfield>
    <subfield code="8">freeng</subfield>
    <subfield code="o">ISNI 0000 0001 0923 8478</subfield>
    <subfield code="a">Holt</subfield>
    <subfield code="b">Ian</subfield>
    <subfield code="f">1964-….</subfield>
    <subfield code="4">070</subfield>
  </datafield>
  <datafield tag="541" ind1=" " ind2="1">
    <subfield code="5">xxi</subfield>
    <subfield code="p">Suite de</subfield>
    <subfield code="3">UMLRM0004</subfield>
    <subfield code="7">ba0yba0y</subfield>
    <subfield code="8">freeng</subfield>
    <subfield code="a">Stoker, Bram (1847-1912)</subfield>
    <subfield code="t">Dracula</subfield>
  </datafield>
  <datafield tag="541" ind1=" " ind2="1">
    <subfield code="5">xxc</subfield>
    <subfield code="p">A pour adaptation dans un autre mode de création [œuvre]</subfield>
    <subfield code="3">UMLRM0186</subfield>
    <subfield code="7">ba0yba0y</subfield>
    <subfield code="8">frefre</subfield>
    <subfield code="a">Dufranne, Michel (1970-....)</subfield>
    <subfield code="a">Kowalski, Piotr (1973-....)</subfield>
    <subfield code="t">Dracula l’immortel</subfield>
  </datafield>
  <datafield tag="608" ind1=" " ind2=" ">
    <subfield code="3">17863011</subfield>
    <subfield code="a">Roman fantastique</subfield>
    <subfield code="2">rameauGenre</subfield>
  </datafield>
  <datafield tag="608" ind1=" " ind2=" ">
    <subfield code="3">11945821</subfield>
    <subfield code="a">Littérature d&apos;épouvante</subfield>
    <subfield code="2">rameauGenre</subfield>
  </datafield>
  <datafield tag="640" ind1="6" ind2=" ">
    <subfield code="0">Date de première publication</subfield>
    <subfield code="f">#2009#####</subfield>
  </datafield>
  <datafield tag="801" ind1=" " ind2="0">
    <subfield code="a">FR</subfield>
    <subfield code="b">FR-751131015</subfield>
    <subfield code="c">20221017</subfield>
  </datafield>
  <datafield tag="810" ind1=" " ind2=" ">
    <subfield code="a">Wikipédia : https://en.wikipedia.org/wiki/Dracula_the_Un-dead (2022-11-08)</subfield>
  </datafield>
  <datafield tag="810" ind1=" " ind2=" ">
    <subfield code="a">Dracula l&apos;immortel / Dacre Stoker et Ian Holt ; traduit de l&apos;anglais (États-Unis) par Jean-Noël Chatain. – Neuilly-sur-Seine : M. Lafon, DL 2009. – [Texte noté : sans médiation]. – ISBN 978-2-7499-1109-0</subfield>
  </datafield>
</record>