
<record format="UNIMARC" type="Authority">
  <leader>00834cx  h2200205   4500</leader>
  <controlfield tag="001">UMLRM0115</controlfield>
  <controlfield tag="005">202210171342##.D</controlfield>
  <datafield tag="100" ind1=" " ind2=" ">
    <subfield code="a">20221017afrey50      ba0</subfield>
  </datafield>
  <datafield tag="101" ind1="1" ind2=" ">
    <subfield code="a">fre</subfield>
    <subfield code="c">eng</subfield>
  </datafield>
  <datafield tag="102" ind1=" " ind2=" ">
    <subfield code="a">FR</subfield>
  </datafield>
  <datafield tag="104" ind1=" " ind2=" ">
    <subfield code="a">d2009</subfield>
  </datafield>
  <datafield tag="105" ind1=" " ind2=" ">
    <subfield code="a">ba</subfield>
  </datafield>
  <datafield tag="145" ind1=" " ind2=" ">
    <subfield code="a">i</subfield>
    <subfield code="b">axxe</subfield>
  </datafield>
  <datafield tag="152" ind1=" " ind2=" ">
    <subfield code="a">RDA-FR</subfield>
  </datafield>
  <datafield tag="154" ind1=" " ind2=" ">
    <subfield code="a">xb</subfield>
  </datafield>
  <datafield tag="242" ind1=" " ind2="1">
    <subfield code="3">UMLRM0114</subfield>
    <subfield code="7">ba0yba0y</subfield>
    <subfield code="8">freeng</subfield>
    <subfield code="a">Stoker, Dacre</subfield>
    <subfield code="a">Holt, Ian (1964-….)</subfield>
    <subfield code="t">Dracula, the un-dead</subfield>
    <subfield code="m">Français</subfield>
    <subfield code="n">Texte noté</subfield>
  </datafield>
  <datafield tag="502" ind1=" " ind2="1">
    <subfield code="3">12056750</subfield>
    <subfield code="7">ba0yba0y</subfield>
    <subfield code="8">frefre</subfield>
    <subfield code="o">ISNI 0000 0000 7358 5100</subfield>
    <subfield code="a">Chatain</subfield>
    <subfield code="b">Jean-Noël</subfield>
    <subfield code="f">1957-....</subfield>
    <subfield code="4">730</subfield>
  </datafield>
  <datafield tag="640" ind1="6" ind2=" ">
    <subfield code="0">Date de première publication</subfield>
    <subfield code="f">#2009#####</subfield>
  </datafield>
  <datafield tag="801" ind1=" " ind2="0">
    <subfield code="a">FR</subfield>
    <subfield code="b">FR-751131015</subfield>
    <subfield code="c">20221017</subfield>
  </datafield>
  <datafield tag="810" ind1=" " ind2=" ">
    <subfield code="a">Dracula l&apos;immortel / Dacre Stoker et Ian Holt ; traduit de l&apos;anglais (États-Unis) par Jean-Noël Chatain. – Neuilly-sur-Seine : M. Lafon, DL 2009. – [Texte noté : sans médiation]. – ISBN 978-2-7499-1109-0</subfield>
  </datafield>
</record>