
<record format="UNIMARC" type="Authority">
  <leader>01618cx  h2200313   4500</leader>
  <controlfield tag="001">UMLRM0117</controlfield>
  <controlfield tag="005">202208301048##.D</controlfield>
  <datafield tag="100" ind1=" " ind2=" ">
    <subfield code="a">20220830afrey50      ba0</subfield>
  </datafield>
  <datafield tag="101" ind1="0" ind2=" ">
    <subfield code="a">fre</subfield>
  </datafield>
  <datafield tag="102" ind1=" " ind2=" ">
    <subfield code="a">FR</subfield>
  </datafield>
  <datafield tag="104" ind1=" " ind2=" ">
    <subfield code="a">d2012</subfield>
  </datafield>
  <datafield tag="125" ind1="0" ind2="0">
    <subfield code="a">m</subfield>
  </datafield>
  <datafield tag="140" ind1=" " ind2=" ">
    <subfield code="a">mi</subfield>
    <subfield code="b">bdfta</subfield>
    <subfield code="2">BnF-FormeOeuvreMixte</subfield>
  </datafield>
  <datafield tag="145" ind1="0" ind2=" ">
    <subfield code="a">b</subfield>
    <subfield code="b">xb2e</subfield>
  </datafield>
  <datafield tag="145" ind1="0" ind2=" ">
    <subfield code="a">i</subfield>
    <subfield code="b">axxe</subfield>
  </datafield>
  <datafield tag="147" ind1="0" ind2=" ">
    <subfield code="a">g</subfield>
  </datafield>
  <datafield tag="152" ind1=" " ind2=" ">
    <subfield code="a">RDA-FR</subfield>
  </datafield>
  <datafield tag="154" ind1=" " ind2=" ">
    <subfield code="a">xa</subfield>
  </datafield>
  <datafield tag="241" ind1=" " ind2="1">
    <subfield code="3">15539985</subfield>
    <subfield code="o">ISNI 0000 0001 2020 4631</subfield>
    <subfield code="a">Dufranne, Michel (1970-....)</subfield>
    <subfield code="3">15072903</subfield>
    <subfield code="o">ISNI 0000 0001 0989 9671</subfield>
    <subfield code="a">Kowalski, Piotr (1973-....)</subfield>
    <subfield code="t">Dracula l’immortel</subfield>
    <subfield code="h">2</subfield>
    <subfield code="7">ba0yba0y</subfield>
    <subfield code="8">frefre</subfield>
  </datafield>
  <datafield tag="501" ind1=" " ind2="1">
    <subfield code="3">15539985</subfield>
    <subfield code="7">ba0yba0y</subfield>
    <subfield code="8">frefre</subfield>
    <subfield code="o">ISNI 0000 0001 2020 4631</subfield>
    <subfield code="a">Dufranne</subfield>
    <subfield code="b">Michel</subfield>
    <subfield code="f">1970-....</subfield>
    <subfield code="4">070</subfield>
  </datafield>
  <datafield tag="501" ind1=" " ind2="1">
    <subfield code="3">15072903</subfield>
    <subfield code="7">ba0yba0y</subfield>
    <subfield code="8">frepol</subfield>
    <subfield code="o">ISNI 0000 0001 0989 9671</subfield>
    <subfield code="a">Kowalski</subfield>
    <subfield code="b">Piotr</subfield>
    <subfield code="f">1973-....</subfield>
    <subfield code="4">440</subfield>
  </datafield>
  <datafield tag="501" ind1=" " ind2="0">
    <subfield code="3">16803054</subfield>
    <subfield code="7">ba0yba0y</subfield>
    <subfield code="8">fre###</subfield>
    <subfield code="o">ISNI 0000 0003 6897 4373</subfield>
    <subfield code="a">Svart</subfield>
    <subfield code="f">1978-....</subfield>
    <subfield code="4">410</subfield>
  </datafield>
  <datafield tag="541" ind1=" " ind2="1">
    <subfield code="5">xxe</subfield>
    <subfield code="3">UMLRM0186</subfield>
    <subfield code="7">ba0yba0y</subfield>
    <subfield code="8">frefre</subfield>
    <subfield code="a">Dufranne, Michel (1970-....)</subfield>
    <subfield code="a">Kowalski, Piotr (1973-....)</subfield>
    <subfield code="t">Dracula l’immortel</subfield>
  </datafield>
  <datafield tag="608" ind1=" " ind2=" ">
    <subfield code="3">16555383</subfield>
    <subfield code="a">Bandes dessinées fantastiques</subfield>
    <subfield code="2">rameauGenre</subfield>
  </datafield>
  <datafield tag="640" ind1="6" ind2=" ">
    <subfield code="0">Date de première publication</subfield>
    <subfield code="f">#20120111#</subfield>
  </datafield>
  <datafield tag="801" ind1=" " ind2="0">
    <subfield code="a">FR</subfield>
    <subfield code="b">FR-751043001</subfield>
    <subfield code="c">20220721</subfield>
  </datafield>
  <datafield tag="810" ind1=" " ind2=" ">
    <subfield code="a">Bédéthèque : https://www.bedetheque.com/serie-30273-BD-Dracula-l-Immortel.html (2022-11-09)</subfield>
  </datafield>
  <datafield tag="810" ind1=" " ind2=" ">
    <subfield code="a">Dracula l&apos;immortel. 2 / scénario, Michel Dufranne ; dessin, Piotr Kowalski ; couleurs, Svart ; d&apos;après l&apos;ouvrage de Dacre Stoker et Ian Holt. – [Neuilly-sur-Seine] : Michel Lafon ; [Paris] : Casterman, impr. 2012. – [Texte noté. Image fixe : sans médiation]. – ISBN 978-2-203-03785-4</subfield>
  </datafield>
  <datafield tag="810" ind1=" " ind2=" ">
    <subfield code="a">http://ark.bnf.fr/ark:/12148/cb42659826w</subfield>
  </datafield>
</record>