
<record format="UNIMARC" type="Authority">
  <leader>00939cx  h2200229   4500</leader>
  <controlfield tag="001">UMLRM0118</controlfield>
  <controlfield tag="005">202208301048##.D</controlfield>
  <datafield tag="100" ind1=" " ind2=" ">
    <subfield code="a">20220811afrey50      ba0</subfield>
  </datafield>
  <datafield tag="101" ind1="0" ind2=" ">
    <subfield code="a">fre</subfield>
  </datafield>
  <datafield tag="102" ind1=" " ind2=" ">
    <subfield code="a">FR</subfield>
  </datafield>
  <datafield tag="104" ind1=" " ind2=" ">
    <subfield code="a">d2012</subfield>
  </datafield>
  <datafield tag="105" ind1=" " ind2=" ">
    <subfield code="a">ba</subfield>
  </datafield>
  <datafield tag="145" ind1="0" ind2=" ">
    <subfield code="a">i</subfield>
    <subfield code="b">axxe</subfield>
  </datafield>
  <datafield tag="145" ind1="0" ind2=" ">
    <subfield code="a">b</subfield>
    <subfield code="b">xb2e</subfield>
  </datafield>
  <datafield tag="147" ind1="0" ind2=" ">
    <subfield code="a">g</subfield>
  </datafield>
  <datafield tag="152" ind1=" " ind2=" ">
    <subfield code="a"> RDA-FR</subfield>
  </datafield>
  <datafield tag="154" ind1=" " ind2=" ">
    <subfield code="a">xb</subfield>
  </datafield>
  <datafield tag="242" ind1=" " ind2="1">
    <subfield code="3">UMLRM0117</subfield>
    <subfield code="7">ba0yba0y</subfield>
    <subfield code="8">frefre</subfield>
    <subfield code="a">Dufranne, Michel (1970-....)</subfield>
    <subfield code="a">Kowalski, Piotr (1973-....)</subfield>
    <subfield code="t">Dracula l’immortel</subfield>
    <subfield code="h">2</subfield>
    <subfield code="m">Français</subfield>
    <subfield code="n">Texte noté. Image fixe</subfield>
  </datafield>
  <datafield tag="640" ind1="6" ind2=" ">
    <subfield code="0">Date de première publication</subfield>
    <subfield code="f">#20120111#</subfield>
  </datafield>
  <datafield tag="801" ind1=" " ind2="0">
    <subfield code="a">FR</subfield>
    <subfield code="b">FR-751043001</subfield>
    <subfield code="c">20220721</subfield>
  </datafield>
  <datafield tag="810" ind1=" " ind2=" ">
    <subfield code="a">Dracula l&apos;immortel. 2 / scénario, Michel Dufranne ; dessin, Piotr Kowalski ; couleurs, Svart ; d&apos;après l&apos;ouvrage de Dacre Stoker et Ian Holt. – [Neuilly-sur-Seine] : Michel Lafon ; [Paris] : Casterman, impr. 2012. – [Texte noté. Image fixe : sans médiation]. – ISBN 978-2-203-03785-4</subfield>
  </datafield>
  <datafield tag="810" ind1=" " ind2=" ">
    <subfield code="a">http://ark.bnf.fr/ark:/12148/cb42659826w</subfield>
  </datafield>
</record>