
<record format="UNIMARC" type="Authority">
  <leader>01004cx  h2200217   4500</leader>
  <controlfield tag="001">UMLRM0127</controlfield>
  <controlfield tag="005">20220921######.D</controlfield>
  <datafield tag="100" ind1=" " ind2=" ">
    <subfield code="a">20220921afrey50      ba0</subfield>
  </datafield>
  <datafield tag="101" ind1="0" ind2=" ">
    <subfield code="a">eng</subfield>
  </datafield>
  <datafield tag="102" ind1=" " ind2=" ">
    <subfield code="a">US</subfield>
  </datafield>
  <datafield tag="104" ind1=" " ind2=" ">
    <subfield code="a">d2008</subfield>
  </datafield>
  <datafield tag="105" ind1=" " ind2=" ">
    <subfield code="a">ba</subfield>
  </datafield>
  <datafield tag="145" ind1="0" ind2=" ">
    <subfield code="a">i</subfield>
    <subfield code="b">axxe</subfield>
  </datafield>
  <datafield tag="152" ind1=" " ind2=" ">
    <subfield code="a">RDA-FR</subfield>
  </datafield>
  <datafield tag="154" ind1=" " ind2=" ">
    <subfield code="a">xb</subfield>
  </datafield>
  <datafield tag="242" ind1=" " ind2="1">
    <subfield code="3">UMLRM0126</subfield>
    <subfield code="7">ba0yba0y</subfield>
    <subfield code="8">freeng</subfield>
    <subfield code="a">Stoker, Bram (1847-1912)</subfield>
    <subfield code="t">Manuscrits</subfield>
    <subfield code="c">Choix</subfield>
    <subfield code="k">Eighteen-Bisang ; Miller</subfield>
    <subfield code="m">Anglais</subfield>
    <subfield code="n">Texte noté</subfield>
  </datafield>
  <datafield tag="502" ind1=" " ind2="1">
    <subfield code="3">16259396</subfield>
    <subfield code="7">ba0yba0y</subfield>
    <subfield code="8">freeng</subfield>
    <subfield code="o">ISNI 0000 0001 0976 8225</subfield>
    <subfield code="a">Eighteen-Bisang</subfield>
    <subfield code="b">Robert</subfield>
    <subfield code="4">340</subfield>
  </datafield>
  <datafield tag="502" ind1=" " ind2="1">
    <subfield code="3">12679015</subfield>
    <subfield code="7">ba0yba0y</subfield>
    <subfield code="8">freeng</subfield>
    <subfield code="o">ISNI 0000 0000 8170 1706</subfield>
    <subfield code="a">Miller</subfield>
    <subfield code="b">Elizabeth Russel</subfield>
    <subfield code="f">1939-....</subfield>
    <subfield code="4">340</subfield>
  </datafield>
  <datafield tag="640" ind1="6" ind2=" ">
    <subfield code="0">Date de première publication</subfield>
    <subfield code="f">#2008#####</subfield>
  </datafield>
  <datafield tag="801" ind1=" " ind2="0">
    <subfield code="a">FR</subfield>
    <subfield code="b">FR-751052119</subfield>
    <subfield code="c">20220921</subfield>
  </datafield>
  <datafield tag="810" ind1=" " ind2=" ">
    <subfield code="a">Brams Stoker’s notes for Dracula : a facsimile edition / Bram Stoker ; annotated and transcribed by Robert Eighteen-Bisang and Elizabeth Miller. – Jefferson (N.C.) : McFarland &amp; Company Inc. Publishers, 2008. – [Texte noté : sans mediation]. – ISBN 978-0-7864-3410-7</subfield>
  </datafield>
</record>