
<record format="UNIMARC" type="Authority">
  <leader>04543nx  f2200553   4500</leader>
  <controlfield tag="001">UMLRM0129</controlfield>
  <datafield tag="033" ind1=" " ind2=" ">
    <subfield code="a">https://www.wikidata.org/wiki/Q1324090</subfield>
  </datafield>
  <datafield tag="033" ind1=" " ind2=" ">
    <subfield code="a">http://viaf.org/viaf/316752046</subfield>
  </datafield>
  <datafield tag="100" ind1=" " ind2=" ">
    <subfield code="a">20221020afrey50      ba0</subfield>
  </datafield>
  <datafield tag="101" ind1="0" ind2=" ">
    <subfield code="a">eng</subfield>
    <subfield code="a">ger</subfield>
  </datafield>
  <datafield tag="102" ind1=" " ind2=" ">
    <subfield code="a">GB</subfield>
    <subfield code="a">US</subfield>
    <subfield code="a">LU</subfield>
  </datafield>
  <datafield tag="104" ind1=" " ind2=" ">
    <subfield code="a">d2000</subfield>
  </datafield>
  <datafield tag="125" ind1="0" ind2="0">
    <subfield code="a">m</subfield>
  </datafield>
  <datafield tag="127" ind1="0" ind2=" ">
    <subfield code="a">013200</subfield>
  </datafield>
  <datafield tag="140" ind1=" " ind2=" ">
    <subfield code="a">ic</subfield>
    <subfield code="b">ffho</subfield>
    <subfield code="2">BnF-GenreFilm</subfield>
  </datafield>
  <datafield tag="145" ind1="0" ind2=" ">
    <subfield code="a">b</subfield>
    <subfield code="b">xa2ae</subfield>
  </datafield>
  <datafield tag="147" ind1="0" ind2=" ">
    <subfield code="a">h</subfield>
    <subfield code="e">c</subfield>
  </datafield>
  <datafield tag="152" ind1=" " ind2=" ">
    <subfield code="a">RDA-FR</subfield>
  </datafield>
  <datafield tag="154" ind1=" " ind2=" ">
    <subfield code="a">xa</subfield>
  </datafield>
  <datafield tag="231" ind1=" " ind2=" ">
    <subfield code="7">ba0yba0y</subfield>
    <subfield code="8">freeng</subfield>
    <subfield code="a">Shadow of the vampire</subfield>
    <subfield code="c">film</subfield>
  </datafield>
  <datafield tag="333" ind1=" " ind2=" ">
    <subfield code="a">Adultes, tout public</subfield>
  </datafield>
  <datafield tag="370" ind1=" " ind2=" ">
    <subfield code="c">D&apos;après le tournage du film &quot;Nosferatu : eine Symphonie des Grauens&quot; (sorti en France sous le titre de &quot;Nosferatu le vampire&quot;) de F.-W. Murnau</subfield>
  </datafield>
  <datafield tag="378" ind1=" " ind2=" ">
    <subfield code="a">Le tournage de &quot;Nosferatu, eine Symphonie des Grauens&quot; (1922) est entravé par sa star Max Schreck, qui prend le rôle d&apos;un vampire beaucoup plus au sérieux qu&apos;il ne semble humainement possible.</subfield>
    <subfield code="b">IMDb</subfield>
  </datafield>
  <datafield tag="378" ind1=" " ind2=" ">
    <subfield code="a">En 1921, Friedrich Murnau entreprend le tournage de sa version de Dracula : Nosferatu. Contrevenant un peu aux règles de l&apos;expressionnisme, il décide de tourner en décors naturels et emmène son équipe dans une campagne retirée de Tchécoslovaquie. L&apos;acteur qui doit incarner le vampire, Max Schreck, est parti sur les lieux avant tout le monde pour s&apos;imprégner de son personnage. Dès sa première scène, il terrorise son partenaire. Il n&apos;apparaît jamais à visage découvert, adopte une attitude déconcertante et vit dans l&apos;ombre, retiré de l&apos;équipe, qui commence à s&apos;inquiéter. Bientôt, en plein tournage, il se jette sur l&apos;opérateur et lui suce le sang. Schreck est en fait un authentique vampire à qui, en échange de sa prestation, Murnau a promis de livrer son actrice vedette, Greta. Celle-ci arrive sur les lieux. Schreck devient de plus en plus impatient et Murnau doit sans cesse renégocier pour espérer finir son film. Un soir, Murnau, drogué, avoue tout à son producteur. Celui-ci essaie de piéger Schreck en faisant entrer la lumière du jour à la fin de sa dernière scène, pour le tuer. Mais le vampire déjoue le tour, et, furieux, tue l&apos;actrice, le producteur et le nouvel opérateur. Fasciné, Murnau tourne. Des techniciens arrivent alors à ouvrir une porte. Le soleil entre, Schreck meurt. Inconscient du drame, Murnau demande le &quot;cut&quot;.</subfield>
    <subfield code="b">Les fiches du cinéma</subfield>
    <subfield code="z">fre</subfield>
  </datafield>
  <datafield tag="431" ind1=" " ind2=" ">
    <subfield code="7">ba0yba0y</subfield>
    <subfield code="8">frefre</subfield>
    <subfield code="a">L&apos;ombre du vampire</subfield>
    <subfield code="c">film</subfield>
  </datafield>
  <datafield tag="441" ind1=" " ind2="1">
    <subfield code="3">14120989</subfield>
    <subfield code="a">Merhige, E. Elias (1964-....)</subfield>
    <subfield code="t">Shadow of the vampire</subfield>
    <subfield code="7">ba0yba0y</subfield>
    <subfield code="8">freeng</subfield>
  </datafield>
  <datafield tag="441" ind1=" " ind2="1">
    <subfield code="3">14120989</subfield>
    <subfield code="a">Merhige, E. Elias (1964-....)</subfield>
    <subfield code="t">L&apos;ombre du vampire</subfield>
    <subfield code="7">ba0yba0y</subfield>
    <subfield code="8">frefre</subfield>
  </datafield>
  <datafield tag="501" ind1=" " ind2="1">
    <subfield code="3">14120989</subfield>
    <subfield code="7">ba0yba0y</subfield>
    <subfield code="8">fre###r</subfield>
    <subfield code="o">ISNI 0000 0000 8001 4058</subfield>
    <subfield code="a">Merhige</subfield>
    <subfield code="b">E. Elias</subfield>
    <subfield code="f">1964-....</subfield>
    <subfield code="4">300</subfield>
  </datafield>
  <datafield tag="501" ind1=" " ind2="1">
    <subfield code="3">15551902</subfield>
    <subfield code="7">ba0yba0y</subfield>
    <subfield code="8">fre###</subfield>
    <subfield code="a">Katz</subfield>
    <subfield code="b">Stephen</subfield>
    <subfield code="f">1959-....</subfield>
    <subfield code="4">690</subfield>
  </datafield>
  <datafield tag="501" ind1=" " ind2="1">
    <subfield code="3">13931937</subfield>
    <subfield code="7">ba0yba0y</subfield>
    <subfield code="8">freeng</subfield>
    <subfield code="o">ISNI 0000 0001 2142 0985</subfield>
    <subfield code="a">Malkovich</subfield>
    <subfield code="b">John</subfield>
    <subfield code="f">1953-....</subfield>
    <subfield code="4">005</subfield>
  </datafield>
  <datafield tag="501" ind1=" " ind2="1">
    <subfield code="3">13930540</subfield>
    <subfield code="7">ba0yba0y</subfield>
    <subfield code="8">fre###</subfield>
    <subfield code="o">ISNI 0000 0001 2120 4334</subfield>
    <subfield code="a">Dafoe</subfield>
    <subfield code="b">Willem</subfield>
    <subfield code="f">1955-....</subfield>
    <subfield code="4">005</subfield>
  </datafield>
  <datafield tag="501" ind1=" " ind2="1">
    <subfield code="3">13955638</subfield>
    <subfield code="7">ba0yba0y</subfield>
    <subfield code="8">fre###</subfield>
    <subfield code="o">ISNI 0000 0001 1491 0388</subfield>
    <subfield code="a">Elwes</subfield>
    <subfield code="b">Cary</subfield>
    <subfield code="f">1962-....</subfield>
    <subfield code="4">005</subfield>
  </datafield>
  <datafield tag="511" ind1="0" ind2="2">
    <subfield code="7">ba0yba0y</subfield>
    <subfield code="8">freeng</subfield>
    <subfield code="o">ISNI 0000 0001 0443 0962</subfield>
    <subfield code="a">BBC Films</subfield>
    <subfield code="4">630</subfield>
  </datafield>
  <datafield tag="511" ind1="0" ind2="2">
    <subfield code="7">ba0yba0y</subfield>
    <subfield code="8">freeng</subfield>
    <subfield code="o">ISNI 0000 0000 8548 1923</subfield>
    <subfield code="a">Saturn Films</subfield>
    <subfield code="4">630</subfield>
  </datafield>
  <datafield tag="511" ind1="0" ind2="2">
    <subfield code="7">ba0yba0y</subfield>
    <subfield code="8">freeng</subfield>
    <subfield code="o">ISNI 0000 0001 2189 1007</subfield>
    <subfield code="a">Pilgrim Films and Television</subfield>
    <subfield code="4">630</subfield>
  </datafield>
  <datafield tag="511" ind1="0" ind2="2">
    <subfield code="7">ba0yba0y</subfield>
    <subfield code="8">freeng</subfield>
    <subfield code="a">Film Fund Luxembourg</subfield>
    <subfield code="4">630</subfield>
  </datafield>
  <datafield tag="531" ind1=" " ind2=" ">
    <subfield code="5">xxl</subfield>
    <subfield code="3">UMLRM0001</subfield>
    <subfield code="t">Nosferatu : eine Symphonie des Grauens</subfield>
    <subfield code="c">film</subfield>
  </datafield>
  <datafield tag="608" ind1=" " ind2=" ">
    <subfield code="3">11931407</subfield>
    <subfield code="a">Films de vampires</subfield>
    <subfield code="2">rameauGenre</subfield>
  </datafield>
  <datafield tag="608" ind1=" " ind2=" ">
    <subfield code="3">11980577</subfield>
    <subfield code="a">Films d’horreur</subfield>
    <subfield code="2">rameauGenre</subfield>
  </datafield>
  <datafield tag="640" ind1="6" ind2=" ">
    <subfield code="0">Première mise à disposition</subfield>
    <subfield code="a">FR</subfield>
    <subfield code="f">#20000515#</subfield>
    <subfield code="h">Festival de Cannes</subfield>
  </datafield>
  <datafield tag="640" ind1="6" ind2=" ">
    <subfield code="0">Date de sortie en salle</subfield>
    <subfield code="a">FR</subfield>
    <subfield code="f">#20001129#</subfield>
  </datafield>
  <datafield tag="640" ind1="6" ind2=" ">
    <subfield code="0">Date de sortie en salle</subfield>
    <subfield code="a">US</subfield>
    <subfield code="f">#20001229#</subfield>
  </datafield>
  <datafield tag="640" ind1="6" ind2=" ">
    <subfield code="0">Date de copyright</subfield>
    <subfield code="f">#2000#####</subfield>
  </datafield>
  <datafield tag="640" ind1="5" ind2=" ">
    <subfield code="0">Date de tournage</subfield>
    <subfield code="f">#19990418#</subfield>
    <subfield code="i">#19990528#</subfield>
  </datafield>
  <datafield tag="801" ind1=" " ind2="0">
    <subfield code="a">FR</subfield>
    <subfield code="b">FR-751131015</subfield>
    <subfield code="c">20221020</subfield>
  </datafield>
  <datafield tag="810" ind1=" " ind2=" ">
    <subfield code="a">L&apos;ombre du vampire = Shadow of the vampire / E. Elias Merhige, [réalisateur] ; John Malkovitch, Willem Dafoe, Cary Elwes... [et autres], [acteurs]. – Paris : Studio Canal+ [éditeur] ; Antony : Universal pictures vidéo France SA [distributeur], 2001 (DL). – [Image animée : vidéo].</subfield>
  </datafield>
  <datafield tag="810" ind1=" " ind2=" ">
    <subfield code="a">Wikipedia : https://fr.wikipedia.org/wiki/L%27Ombre_du_vampire (2022-10-20)</subfield>
  </datafield>
  <datafield tag="810" ind1=" " ind2=" ">
    <subfield code="a">Ciné-ressources : catalogue collectif des bibliothèques et archives de cinéma : http://www.cineressources.net (2022-10-20)</subfield>
  </datafield>
  <datafield tag="810" ind1=" " ind2=" ">
    <subfield code="a">IMDB (Internet movie database) : https://www.imdb.com/title/tt0189998 (2022-10-20)</subfield>
  </datafield>
</record>