
<record format="UNIMARC" type="Authority">
  <leader>01248nx  f2200241   4500</leader>
  <controlfield tag="001">UMLRM0130</controlfield>
  <datafield tag="100" ind1=" " ind2=" ">
    <subfield code="a">20221021afrey50      ba0</subfield>
  </datafield>
  <datafield tag="101" ind1="1" ind2=" ">
    <subfield code="a">fre</subfield>
    <subfield code="c">ger</subfield>
    <subfield code="c">eng</subfield>
  </datafield>
  <datafield tag="102" ind1=" " ind2=" ">
    <subfield code="a">FR</subfield>
  </datafield>
  <datafield tag="104" ind1=" " ind2=" ">
    <subfield code="a">d2001</subfield>
  </datafield>
  <datafield tag="145" ind1=" " ind2=" ">
    <subfield code="a">b</subfield>
    <subfield code="b">xa2ae</subfield>
  </datafield>
  <datafield tag="147" ind1="1" ind2=" ">
    <subfield code="a">h</subfield>
    <subfield code="e">c</subfield>
    <subfield code="h">c</subfield>
  </datafield>
  <datafield tag="152" ind1=" " ind2=" ">
    <subfield code="a"> RDA-FR</subfield>
  </datafield>
  <datafield tag="154" ind1=" " ind2=" ">
    <subfield code="a">xb</subfield>
  </datafield>
  <datafield tag="232" ind1=" " ind2=" ">
    <subfield code="3">UMLRM0129</subfield>
    <subfield code="7">ba0yba0y</subfield>
    <subfield code="8">freeng</subfield>
    <subfield code="a">Shadow of the vampire</subfield>
    <subfield code="c">film</subfield>
    <subfield code="m">Français</subfield>
  </datafield>
  <datafield tag="371" ind1=" " ind2=" ">
    <subfield code="f">Film en version française</subfield>
  </datafield>
  <datafield tag="432" ind1=" " ind2=" ">
    <subfield code="7">ba0yba0y</subfield>
    <subfield code="8">frefre</subfield>
    <subfield code="a">L&apos;ombre du vampire</subfield>
    <subfield code="c">film</subfield>
    <subfield code="m">français</subfield>
  </datafield>
  <datafield tag="640" ind1="6" ind2=" ">
    <subfield code="0">Date de première publication</subfield>
    <subfield code="f">#2001#####</subfield>
  </datafield>
  <datafield tag="801" ind1=" " ind2="0">
    <subfield code="a">FR</subfield>
    <subfield code="b">FR-751131015</subfield>
    <subfield code="c">20221020</subfield>
  </datafield>
  <datafield tag="810" ind1=" " ind2=" ">
    <subfield code="a">L&apos;ombre du vampire = Shadow of the vampire / E. Elias Merhige, [réalisateur] ; John Malkovitch, Willem Dafoe, Cary Elwes... [et autres], [acteurs]. – Paris : Studio Canal+ [éditeur] ; Antony : Universal pictures vidéo France SA [distributeur], 2001 (DL). – [Image animée : vidéo]. . – Référence commerciale : 196 241-3 (Studio Canal)</subfield>
  </datafield>
  <datafield tag="810" ind1=" " ind2=" ">
    <subfield code="a">Wikipedia : https://fr.wikipedia.org/wiki/L%27Ombre_du_vampire (2022-10-20)</subfield>
  </datafield>
  <datafield tag="810" ind1=" " ind2=" ">
    <subfield code="a">Ciné-ressources : catalogue collectif des bibliothèques et archives de cinéma : http://www.cineressources.net (2022-10-20)</subfield>
  </datafield>
  <datafield tag="810" ind1=" " ind2=" ">
    <subfield code="a">IMDB (Internet movie database) : https://www.imdb.com/title/tt0189998 (2022-10-20)</subfield>
  </datafield>
</record>