
<record format="UNIMARC" type="Authority">
  <leader>01231cx  h2200349   4500</leader>
  <controlfield tag="001">UMLRM0132</controlfield>
  <controlfield tag="005">20221005140223.0</controlfield>
  <datafield tag="100" ind1=" " ind2=" ">
    <subfield code="a">20221005afrey50      ba0</subfield>
  </datafield>
  <datafield tag="101" ind1="0" ind2=" ">
    <subfield code="a">ger</subfield>
  </datafield>
  <datafield tag="102" ind1=" " ind2=" ">
    <subfield code="a">DE</subfield>
  </datafield>
  <datafield tag="104" ind1=" " ind2=" ">
    <subfield code="a">d2009</subfield>
  </datafield>
  <datafield tag="125" ind1="0" ind2="0">
    <subfield code="a">m</subfield>
  </datafield>
  <datafield tag="140" ind1=" " ind2=" ">
    <subfield code="a">te</subfield>
    <subfield code="b">biogr</subfield>
    <subfield code="2">BnF-FonctTexMix</subfield>
  </datafield>
  <datafield tag="140" ind1=" " ind2=" ">
    <subfield code="a">te</subfield>
    <subfield code="b">b</subfield>
    <subfield code="2">UM/B105pos12</subfield>
  </datafield>
  <datafield tag="145" ind1="0" ind2=" ">
    <subfield code="a">i</subfield>
  </datafield>
  <datafield tag="145" ind1="0" ind2=" ">
    <subfield code="a">b1</subfield>
    <subfield code="b">xb2e</subfield>
  </datafield>
  <datafield tag="145" ind1="0" ind2=" ">
    <subfield code="c">txt</subfield>
    <subfield code="2">rdacontent</subfield>
  </datafield>
  <datafield tag="145" ind1="0" ind2=" ">
    <subfield code="c">sti</subfield>
    <subfield code="2">rdacontent</subfield>
  </datafield>
  <datafield tag="147" ind1="0" ind2=" ">
    <subfield code="a">a</subfield>
  </datafield>
  <datafield tag="152" ind1=" " ind2=" ">
    <subfield code="a">RDA-FR</subfield>
  </datafield>
  <datafield tag="154" ind1=" " ind2=" ">
    <subfield code="a">xa</subfield>
  </datafield>
  <datafield tag="241" ind1=" " ind2="1">
    <subfield code="3">16537622</subfield>
    <subfield code="o">ISNI 0000 0000 6325 9782</subfield>
    <subfield code="a">Eickhoff, Stefan</subfield>
    <subfield code="t">Max Schreck : Gespenstertheater</subfield>
    <subfield code="7">ba0yba0y</subfield>
    <subfield code="8">freger</subfield>
  </datafield>
  <datafield tag="333" ind1=" " ind2=" ">
    <subfield code="a">Public motivé</subfield>
  </datafield>
  <datafield tag="370" ind1=" " ind2=" ">
    <subfield code="a">Illustrations (60 pages environ)</subfield>
    <subfield code="a">Bibliographie (4 pages)</subfield>
    <subfield code="a">Index</subfield>
  </datafield>
  <datafield tag="501" ind1=" " ind2="1">
    <subfield code="3">16537622</subfield>
    <subfield code="7">ba0yba0y</subfield>
    <subfield code="8">freger</subfield>
    <subfield code="o">ISNI 0000 0000 6325 9782</subfield>
    <subfield code="a">Eickhoff</subfield>
    <subfield code="b">Stefan</subfield>
    <subfield code="4">070</subfield>
  </datafield>
  <datafield tag="600" ind1=" " ind2="1">
    <subfield code="3">15121209</subfield>
    <subfield code="7">ba0yba0y</subfield>
    <subfield code="8">frefre</subfield>
    <subfield code="o">ISNI 0000 0000 6314 1223</subfield>
    <subfield code="a">Schreck</subfield>
    <subfield code="b">Max</subfield>
    <subfield code="f">1879-1936</subfield>
  </datafield>
  <datafield tag="608" ind1=" " ind2=" ">
    <subfield code="3">11935764</subfield>
    <subfield code="a">Biographie</subfield>
    <subfield code="2">rameau-Genre</subfield>
  </datafield>
  <datafield tag="640" ind1="0" ind2=" ">
    <subfield code="0">Date de copyright</subfield>
    <subfield code="f">#2009#####</subfield>
  </datafield>
  <datafield tag="676" ind1=" " ind2=" ">
    <subfield code="a">791.430 28092</subfield>
    <subfield code="v">23</subfield>
  </datafield>
  <datafield tag="676" ind1=" " ind2=" ">
    <subfield code="a">792.028092</subfield>
    <subfield code="v">23</subfield>
  </datafield>
  <datafield tag="801" ind1=" " ind2="0">
    <subfield code="a">FR</subfield>
    <subfield code="b">FR-751045101</subfield>
    <subfield code="c">20221005</subfield>
  </datafield>
  <datafield tag="810" ind1=" " ind2=" ">
    <subfield code="a">Max Schreck : Gespenstertheater / Stefan Eickhoff. – München : Belleville, cop. 2009. – [Texte noté : sans médiation]. – ISBN 9783936298543</subfield>
  </datafield>
</record>