
<record format="UNIMARC" type="Authority">
  <leader>04290nx  f2200517   4500</leader>
  <controlfield tag="001">UMLRM0135</controlfield>
  <datafield tag="033" ind1=" " ind2=" ">
    <subfield code="a">https://www.wikidata.org/wiki/Q1324090</subfield>
  </datafield>
  <datafield tag="100" ind1=" " ind2=" ">
    <subfield code="a">20221021afrey50      ba0</subfield>
  </datafield>
  <datafield tag="101" ind1="0" ind2=" ">
    <subfield code="a">eng</subfield>
  </datafield>
  <datafield tag="102" ind1=" " ind2=" ">
    <subfield code="a">CA</subfield>
  </datafield>
  <datafield tag="104" ind1=" " ind2=" ">
    <subfield code="a">d2002</subfield>
  </datafield>
  <datafield tag="125" ind1="0" ind2="0">
    <subfield code="a">m</subfield>
  </datafield>
  <datafield tag="127" ind1="0" ind2=" ">
    <subfield code="a">011300</subfield>
  </datafield>
  <datafield tag="140" ind1=" " ind2=" ">
    <subfield code="a">ic</subfield>
    <subfield code="b">ffho</subfield>
    <subfield code="2">BnF-GenreFilm</subfield>
  </datafield>
  <datafield tag="140" ind1=" " ind2=" ">
    <subfield code="a">ic</subfield>
    <subfield code="b">ffda</subfield>
    <subfield code="2">BnF-GenreFilm</subfield>
  </datafield>
  <datafield tag="145" ind1="0" ind2=" ">
    <subfield code="a">b</subfield>
    <subfield code="b">xa2ae</subfield>
  </datafield>
  <datafield tag="147" ind1="0" ind2=" ">
    <subfield code="a">h</subfield>
    <subfield code="e">d</subfield>
  </datafield>
  <datafield tag="152" ind1=" " ind2=" ">
    <subfield code="a">RDA-FR</subfield>
  </datafield>
  <datafield tag="154" ind1=" " ind2=" ">
    <subfield code="a">xa</subfield>
  </datafield>
  <datafield tag="231" ind1=" " ind2=" ">
    <subfield code="7">ba0yba0y</subfield>
    <subfield code="8">freeng</subfield>
    <subfield code="a">Dracula: pages from a virgin&apos;s diary</subfield>
    <subfield code="c">film</subfield>
  </datafield>
  <datafield tag="333" ind1=" " ind2=" ">
    <subfield code="a">Adultes, tout public</subfield>
  </datafield>
  <datafield tag="370" ind1=" " ind2=" ">
    <subfield code="a">Enregistrement d&apos;une représentation par le Ballet Royal de Winnipeg du ballet de Mark Godden adapté du roman &quot;Dracula&quot; de Bram Stoker</subfield>
  </datafield>
  <datafield tag="378" ind1=" " ind2=" ">
    <subfield code="a">1897. Un manoir en Angleterre. La belle et insouciante Lucy Westenra doit faire son choix entre trois prétendants. Elle semble accorder sa préférence à l&apos;un d&apos;eux quand un cri retentit au-dehors. C&apos;est Renfield, un fou enfermé dans l&apos;asile voisin, qui s&apos;agite car il sent venir son maître, Dracula, ressuscité des morts. Lucy, troublée et curieuse, laisse entrer le vampire qui la mord au cou. Évanouie, elle ne se réveille que le lendemain matin après que ses trois prétendants, assistés du docteur Van Helsing, ont veillé sur elle. En vain ! La jeune femme succombe de nouveau au désir et se laisse mordre une dernière fois par Dracula avant de mourir. Les quatre hommes décapitent sa dépouille afin de conjurer le mal. Décidés à neutraliser le dangereux vampire, ils se rendent au château du comte Dracula. Là, ils retrouvent le jeune Harker et sa fiancée Mina, la meilleure amie de Lucy, sous l&apos;emprise du vampire. Ils finiront par le vaincre, détruisant son château et s&apos;emparant de son argent. Mina et Harker pourront vivre heureux, hantés toutefois par le souvenir de Dracula.|#2. Une jeune femme, seule dans une pièce, écrit et réécrit indéfiniment une lettre avec des morceaux de mine de plomb. Dehors, la lumière changeante fixe ses moindres gestes. Elle finit par poster la lettre dans la fente de l&apos;horloge, qui regorge d&apos;autres lettres identiques.</subfield>
    <subfield code="b">Les fiches du cinéma</subfield>
    <subfield code="z">fre</subfield>
  </datafield>
  <datafield tag="431" ind1=" " ind2=" ">
    <subfield code="7">ba0yba0y</subfield>
    <subfield code="8">frefre</subfield>
    <subfield code="a">Dracula : pages tirées du journal d&apos;une vierge</subfield>
    <subfield code="c">film</subfield>
  </datafield>
  <datafield tag="441" ind1=" " ind2="1">
    <subfield code="3">14117683</subfield>
    <subfield code="o">ISNI 0000 0001 1664 8619</subfield>
    <subfield code="a">Maddin, Guy (1956-....)</subfield>
    <subfield code="t">Dracula: pages from a virgin&apos;s diary</subfield>
    <subfield code="c">film</subfield>
    <subfield code="7">ba0yba0y</subfield>
    <subfield code="8">freeng</subfield>
  </datafield>
  <datafield tag="441" ind1=" " ind2="1">
    <subfield code="3">14117683</subfield>
    <subfield code="o">ISNI 0000 0001 1664 8619</subfield>
    <subfield code="a">Maddin, Guy (1956-....)</subfield>
    <subfield code="t">Dracula: pages tirées du journal d&apos;une vierge</subfield>
    <subfield code="c">film</subfield>
    <subfield code="7">ba0yba0y</subfield>
    <subfield code="8">frefre</subfield>
  </datafield>
  <datafield tag="501" ind1=" " ind2="1">
    <subfield code="3">14117683</subfield>
    <subfield code="o">ISNI 0000 0001 1664 8619</subfield>
    <subfield code="a">Maddin</subfield>
    <subfield code="b">Guy</subfield>
    <subfield code="f">1956--....</subfield>
    <subfield code="4">300</subfield>
  </datafield>
  <datafield tag="501" ind1=" " ind2="1">
    <subfield code="7">ba0yba0y</subfield>
    <subfield code="8">freeng</subfield>
    <subfield code="o">ISNI 0000 0000 3505 6208</subfield>
    <subfield code="a">Zhang</subfield>
    <subfield code="b">Wei Qiang</subfield>
    <subfield code="4">275</subfield>
  </datafield>
  <datafield tag="501" ind1=" " ind2="1">
    <subfield code="3">16508453</subfield>
    <subfield code="7">ba0yba0y</subfield>
    <subfield code="8">fre###</subfield>
    <subfield code="a">Birtwhistle</subfield>
    <subfield code="b">Tara</subfield>
    <subfield code="4">275</subfield>
  </datafield>
  <datafield tag="501" ind1=" " ind2="1">
    <subfield code="7">ba0yba0y</subfield>
    <subfield code="8">fre###</subfield>
    <subfield code="o">ISNI 0000 0001 1854 7053</subfield>
    <subfield code="a">Moroni</subfield>
    <subfield code="b">David Lee</subfield>
    <subfield code="4">275</subfield>
  </datafield>
  <datafield tag="511" ind1="0" ind2="2">
    <subfield code="3">11878578</subfield>
    <subfield code="7">ba0yba0y</subfield>
    <subfield code="8">frefre</subfield>
    <subfield code="o">ISNI 0000 0004 0497 825X</subfield>
    <subfield code="a">Société Radio-Canada</subfield>
    <subfield code="4">630</subfield>
  </datafield>
  <datafield tag="511" ind1="0" ind2="2">
    <subfield code="7">ba0yba0y</subfield>
    <subfield code="8">freeng</subfield>
    <subfield code="a">Dracula productions</subfield>
    <subfield code="4">630</subfield>
  </datafield>
  <datafield tag="511" ind1="0" ind2="2">
    <subfield code="3">15062425</subfield>
    <subfield code="7">ba0yba0y</subfield>
    <subfield code="8">freeng</subfield>
    <subfield code="a">Royal Winnipeg Ballet</subfield>
    <subfield code="4">630</subfield>
  </datafield>
  <datafield tag="541" ind1=" " ind2=" ">
    <subfield code="5">xxl</subfield>
    <subfield code="3">UMLRM0004</subfield>
    <subfield code="a">Stoker, Bram (1847-1912)</subfield>
    <subfield code="t">Dracula</subfield>
    <subfield code="7">ba0yba0y</subfield>
    <subfield code="8">freeng</subfield>
  </datafield>
  <datafield tag="541" ind1=" " ind2=" ">
    <subfield code="5">xxc</subfield>
    <subfield code="p">Est une adaptation dans un autre mode de création de [œuvre]</subfield>
    <subfield code="3">UMLRM0164</subfield>
    <subfield code="a">Godden, Mark</subfield>
    <subfield code="t">Dracula</subfield>
    <subfield code="7">ba0yba0y</subfield>
    <subfield code="8">freeng</subfield>
  </datafield>
  <datafield tag="541" ind1=" " ind2="1">
    <subfield code="5">xxr</subfield>
    <subfield code="p">Utilise la musique [œuvre]</subfield>
    <subfield code="3">UMLRM0165</subfield>
    <subfield code="7">ba0yba0y</subfield>
    <subfield code="8">frefre</subfield>
    <subfield code="a">Mahler, Gustav (1860-1911)</subfield>
    <subfield code="t">Symphonies</subfield>
    <subfield code="c">Choix</subfield>
    <subfield code="k">Godden</subfield>
  </datafield>
  <datafield tag="608" ind1=" " ind2=" ">
    <subfield code="3">13545625</subfield>
    <subfield code="a">Films de danse</subfield>
    <subfield code="2">rameauGenre</subfield>
  </datafield>
  <datafield tag="608" ind1=" " ind2=" ">
    <subfield code="3">11980577</subfield>
    <subfield code="a">Films d’horreur</subfield>
    <subfield code="2">rameauGenre</subfield>
  </datafield>
  <datafield tag="640" ind1="6" ind2=" ">
    <subfield code="0">Première diffusion</subfield>
    <subfield code="a">CA</subfield>
    <subfield code="f">#20020228#</subfield>
  </datafield>
  <datafield tag="640" ind1="6" ind2=" ">
    <subfield code="0">Date de sortie en salle</subfield>
    <subfield code="a">FR</subfield>
    <subfield code="f">#20031231#</subfield>
  </datafield>
  <datafield tag="640" ind1="6" ind2=" ">
    <subfield code="0">Date de copyright</subfield>
    <subfield code="f">#2002#####</subfield>
  </datafield>
  <datafield tag="801" ind1=" " ind2="0">
    <subfield code="a">FR</subfield>
    <subfield code="b">FR-751131015</subfield>
    <subfield code="c">20221021</subfield>
  </datafield>
  <datafield tag="810" ind1=" " ind2=" ">
    <subfield code="a">Dracula : pages tirées du journal d&apos;une vierge/ un film de Guy Maddin, [réalisateur] ; musique de Gustav Mahler. – [Paris] : ED distribution [éditeur, distributeur], [DL 2005]. – [Image animée : vidéo].</subfield>
  </datafield>
  <datafield tag="810" ind1=" " ind2=" ">
    <subfield code="a">Wikipedia : https://fr.wikipedia.org/wiki/Dracula,_pages_tir%C3%A9es_du_journal_d%27une_vierge (2022-10-21)</subfield>
  </datafield>
  <datafield tag="810" ind1=" " ind2=" ">
    <subfield code="a">Ciné-ressources : catalogue collectif des bibliothèques et archives de cinéma : http://www.cineressources.net (2022-10-21)</subfield>
  </datafield>
  <datafield tag="810" ind1=" " ind2=" ">
    <subfield code="a">IMDB (Internet movie database) : https://www.imdb.com/title/tt0293113/ (2022-10-21)</subfield>
  </datafield>
</record>