
<record format="UNIMARC" type="Authority">
  <leader>01308nx  f2200241   4500</leader>
  <controlfield tag="001">UMLRM0136</controlfield>
  <datafield tag="100" ind1=" " ind2=" ">
    <subfield code="a">20221021afrey50      ba0</subfield>
  </datafield>
  <datafield tag="101" ind1="2" ind2=" ">
    <subfield code="a">eng</subfield>
    <subfield code="j">fre</subfield>
  </datafield>
  <datafield tag="102" ind1=" " ind2=" ">
    <subfield code="a">FR</subfield>
  </datafield>
  <datafield tag="104" ind1=" " ind2=" ">
    <subfield code="a">d2005</subfield>
  </datafield>
  <datafield tag="145" ind1=" " ind2=" ">
    <subfield code="a">b</subfield>
    <subfield code="b">xa2ae</subfield>
  </datafield>
  <datafield tag="147" ind1="1" ind2=" ">
    <subfield code="a">h</subfield>
    <subfield code="e">d</subfield>
    <subfield code="h">c</subfield>
  </datafield>
  <datafield tag="152" ind1=" " ind2=" ">
    <subfield code="a"> RDA-FR</subfield>
  </datafield>
  <datafield tag="154" ind1=" " ind2=" ">
    <subfield code="a">xb</subfield>
  </datafield>
  <datafield tag="232" ind1=" " ind2=" ">
    <subfield code="3">UMLRM0135</subfield>
    <subfield code="7">ba0yba0y</subfield>
    <subfield code="8">freeng</subfield>
    <subfield code="a">Dracula : pages from a virgin&apos;s diary</subfield>
    <subfield code="c">film</subfield>
    <subfield code="m">Anglais ; sous-titrage en français</subfield>
  </datafield>
  <datafield tag="371" ind1=" " ind2=" ">
    <subfield code="a">Surround (Dolby)</subfield>
    <subfield code="c">Film en version originale anglaise avec sous-titrage optionnel en français</subfield>
  </datafield>
  <datafield tag="532" ind1=" " ind2=" ">
    <subfield code="5">xxq</subfield>
    <subfield code="3">UMLRM0167</subfield>
    <subfield code="7">ba0yba0y</subfield>
    <subfield code="8">fre###</subfield>
    <subfield code="a">Guy Maddin</subfield>
    <subfield code="k">ED Distribution</subfield>
    <subfield code="m">Anglais ; sous-titrage en français</subfield>
    <subfield code="n">Image animée</subfield>
  </datafield>
  <datafield tag="640" ind1="6" ind2=" ">
    <subfield code="0">Date de première publication</subfield>
    <subfield code="f">#2005#####</subfield>
  </datafield>
  <datafield tag="801" ind1=" " ind2="0">
    <subfield code="a">FR</subfield>
    <subfield code="b">FR-751131015</subfield>
    <subfield code="c">20221021</subfield>
  </datafield>
  <datafield tag="810" ind1=" " ind2=" ">
    <subfield code="a">Dracula : pages tirées du journal d&apos;une vierge/ un film de Guy Maddin, [réalisateur] ; musique de Gustav Mahler. – [Paris] : ED distribution [éditeur, distributeur], [DL 2005]. – [Image animée : vidéo].</subfield>
  </datafield>
  <datafield tag="810" ind1=" " ind2=" ">
    <subfield code="a">Wikipedia : https://fr.wikipedia.org/wiki/Dracula,_pages_tir%C3%A9es_du_journal_d%27une_vierge (2022-10-21)</subfield>
  </datafield>
  <datafield tag="810" ind1=" " ind2=" ">
    <subfield code="a">Ciné-ressources : catalogue collectif des bibliothèques et archives de cinéma : http://www.cineressources.net (2022-10-21)</subfield>
  </datafield>
  <datafield tag="810" ind1=" " ind2=" ">
    <subfield code="a">IMDB (Internet movie database) : https://www.imdb.com/title/tt0293113/ (2022-10-21)</subfield>
  </datafield>
</record>