
<record format="UNIMARC" type="Authority">
  <leader>01514nx  h2200265   4500</leader>
  <controlfield tag="001">UMLRM0138</controlfield>
  <datafield tag="100" ind1=" " ind2=" ">
    <subfield code="a">20221025afrey50      ba0</subfield>
  </datafield>
  <datafield tag="102" ind1=" " ind2=" ">
    <subfield code="a">FR</subfield>
  </datafield>
  <datafield tag="104" ind1=" " ind2=" ">
    <subfield code="a">d2001</subfield>
  </datafield>
  <datafield tag="125" ind1="0" ind2=" ">
    <subfield code="a">m</subfield>
  </datafield>
  <datafield tag="140" ind1=" " ind2=" ">
    <subfield code="a">is</subfield>
    <subfield code="b">maquette</subfield>
    <subfield code="2">frTICO</subfield>
  </datafield>
  <datafield tag="145" ind1="0" ind2=" ">
    <subfield code="a">b</subfield>
    <subfield code="b">xb2e</subfield>
  </datafield>
  <datafield tag="152" ind1=" " ind2=" ">
    <subfield code="a">RDA-FR</subfield>
  </datafield>
  <datafield tag="154" ind1=" " ind2=" ">
    <subfield code="a">xa</subfield>
  </datafield>
  <datafield tag="241" ind1=" " ind2="1">
    <subfield code="3">14654751</subfield>
    <subfield code="o">ISNI 0000 0003 6454 4704</subfield>
    <subfield code="a">Jeanneteau, Daniel (1963-....)</subfield>
    <subfield code="3">14676342</subfield>
    <subfield code="a">Deratte, Laure (19..-....)</subfield>
    <subfield code="t">[Maquette de décor en volume pour &quot;Nosferatu&quot;]</subfield>
    <subfield code="7">ba0yba0y</subfield>
    <subfield code="8">frefre</subfield>
  </datafield>
  <datafield tag="370" ind1=" " ind2=" ">
    <subfield code="a">Grande catégorie technique : dessin</subfield>
    <subfield code="c">Maquette de décor pour le ballet &quot;Nosferatu&quot; de Jean-Claude Gallotta créé à Opéra national de Paris-Bastille le 2 mai 2001</subfield>
  </datafield>
  <datafield tag="501" ind1=" " ind2="1">
    <subfield code="3">14654751</subfield>
    <subfield code="7">ba0yba0y</subfield>
    <subfield code="8">frefre</subfield>
    <subfield code="o">ISNI 0000 0003 6454 4704</subfield>
    <subfield code="a">Jeanneteau</subfield>
    <subfield code="b">Daniel</subfield>
    <subfield code="f">1963-....</subfield>
    <subfield code="4">040</subfield>
  </datafield>
  <datafield tag="501" ind1=" " ind2="1">
    <subfield code="3">14676342</subfield>
    <subfield code="7">ba0yba0y</subfield>
    <subfield code="8">frefre</subfield>
    <subfield code="a">Deratte</subfield>
    <subfield code="b">Laure</subfield>
    <subfield code="f">19..-....</subfield>
    <subfield code="4">040</subfield>
  </datafield>
  <datafield tag="515" ind1=" " ind2=" ">
    <subfield code="0">Lieu de l’événement à l’origine de l’œuvre</subfield>
    <subfield code="a">Opéra Bastille (Paris, France ; lieu)</subfield>
  </datafield>
  <datafield tag="531" ind1=" " ind2=" ">
    <subfield code="5">xxr</subfield>
    <subfield code="p">Décors utilisés dans</subfield>
    <subfield code="3">UMLRM0147</subfield>
    <subfield code="a">Nosferatu</subfield>
    <subfield code="c">spectacle</subfield>
    <subfield code="d">2001</subfield>
    <subfield code="e">Paris ; Opéra Bastille</subfield>
    <subfield code="7">ba0yba0y</subfield>
    <subfield code="8">frefre</subfield>
  </datafield>
  <datafield tag="541" ind1=" " ind2="1">
    <subfield code="5">xxr</subfield>
    <subfield code="p">Œuvre préparatoire pour</subfield>
    <subfield code="a">Jeanneteau, Daniel (1963-....)</subfield>
    <subfield code="a">Deratte, Laure (19..-....)</subfield>
    <subfield code="t">[Décors pour &quot;Nosferatu&quot;]</subfield>
  </datafield>
  <datafield tag="608" ind1=" " ind2=" ">
    <subfield code="3">11960059</subfield>
    <subfield code="a">Décors de ballet</subfield>
    <subfield code="2">rameau</subfield>
  </datafield>
  <datafield tag="640" ind1="0" ind2=" ">
    <subfield code="0">Événement à l’origine de l’œuvre</subfield>
    <subfield code="a">FR</subfield>
    <subfield code="d">Paris</subfield>
    <subfield code="e"> Opéra Bastille</subfield>
    <subfield code="f">#20010502#</subfield>
  </datafield>
  <datafield tag="801" ind1=" " ind2="0">
    <subfield code="a">FR</subfield>
    <subfield code="b">FR-751045101</subfield>
    <subfield code="c">20221025</subfield>
  </datafield>
  <datafield tag="810" ind1=" " ind2=" ">
    <subfield code="a">[Maquette de décor en volume pour &quot;Nosferatu&quot;]/ [Daniel Jeanneteau et Laure Deratte]. – [2001]. – [Image fixe : sans médiation]</subfield>
  </datafield>
</record>