
<record format="UNIMARC" type="Authority">
  <leader>00674nx  h2200181   4500</leader>
  <controlfield tag="001">UMLRM0139</controlfield>
  <datafield tag="100" ind1=" " ind2=" ">
    <subfield code="a">20221025afrey50      ba0</subfield>
  </datafield>
  <datafield tag="101" ind1="0" ind2=" ">
    <subfield code="a">zxx</subfield>
  </datafield>
  <datafield tag="102" ind1=" " ind2=" ">
    <subfield code="a">FR</subfield>
  </datafield>
  <datafield tag="104" ind1=" " ind2=" ">
    <subfield code="a">d2001</subfield>
  </datafield>
  <datafield tag="145" ind1="0" ind2=" ">
    <subfield code="a">b</subfield>
    <subfield code="b">xb2e</subfield>
  </datafield>
  <datafield tag="152" ind1=" " ind2=" ">
    <subfield code="a">RDA-FR</subfield>
  </datafield>
  <datafield tag="154" ind1=" " ind2=" ">
    <subfield code="a">xb</subfield>
  </datafield>
  <datafield tag="242" ind1=" " ind2="1">
    <subfield code="3">UMLRM0138</subfield>
    <subfield code="a">Jeanneteau, Daniel (1963-....)</subfield>
    <subfield code="a">Deratte, Laure (19..-....)</subfield>
    <subfield code="t">[Maquette de décor en volume pour &quot;Nosferatu&quot;]</subfield>
    <subfield code="n">Image fixe</subfield>
    <subfield code="7">ba0yba0y</subfield>
    <subfield code="8">frefre</subfield>
  </datafield>
  <datafield tag="371" ind1=" " ind2=" ">
    <subfield code="f">Maquette montée</subfield>
  </datafield>
  <datafield tag="640" ind1="5" ind2=" ">
    <subfield code="0">Date d’achèvement de l’expression</subfield>
    <subfield code="f">#2001#####</subfield>
  </datafield>
  <datafield tag="801" ind1=" " ind2="0">
    <subfield code="a">FR</subfield>
    <subfield code="b">FR-751045101</subfield>
    <subfield code="c">20221025</subfield>
  </datafield>
  <datafield tag="810" ind1=" " ind2=" ">
    <subfield code="a">[Maquette de décor en volume pour &quot;Nosferatu&quot;]/ [Daniel Jeanneteau et Laure Deratte]. – [2001]. – [Image fixe : sans médiation]</subfield>
  </datafield>
</record>