
<record format="UNIMARC" type="Authority">
  <leader>01591cx  h2200289   4500</leader>
  <controlfield tag="001">UMLRM0142</controlfield>
  <controlfield tag="005">20220725.......D</controlfield>
  <datafield tag="100" ind1=" " ind2=" ">
    <subfield code="a">20060705afrey50      ba0</subfield>
  </datafield>
  <datafield tag="102" ind1=" " ind2=" ">
    <subfield code="a">FR</subfield>
  </datafield>
  <datafield tag="104" ind1=" " ind2=" ">
    <subfield code="a">d2001</subfield>
  </datafield>
  <datafield tag="125" ind1="0" ind2=" ">
    <subfield code="a">m</subfield>
  </datafield>
  <datafield tag="140" ind1=" " ind2=" ">
    <subfield code="a">da</subfield>
    <subfield code="b">bt </subfield>
    <subfield code="2">IAML-Formes</subfield>
  </datafield>
  <datafield tag="145" ind1="0" ind2=" ">
    <subfield code="a">c</subfield>
  </datafield>
  <datafield tag="152" ind1=" " ind2=" ">
    <subfield code="a">RDA-FR</subfield>
  </datafield>
  <datafield tag="154" ind1=" " ind2=" ">
    <subfield code="a">xa</subfield>
  </datafield>
  <datafield tag="241" ind1=" " ind2="1">
    <subfield code="3">12150665</subfield>
    <subfield code="7">ba0yba0y</subfield>
    <subfield code="8">frefre</subfield>
    <subfield code="o">ISNI 0000 0000 3153 2932</subfield>
    <subfield code="a">Gallotta, Jean-Claude (1950-....)</subfield>
    <subfield code="t">Nosferatu</subfield>
  </datafield>
  <datafield tag="370" ind1=" " ind2=" ">
    <subfield code="c">Créé par le ballet de l&apos;Opéra de Paris</subfield>
  </datafield>
  <datafield tag="501" ind1=" " ind2="1">
    <subfield code="3">12150665</subfield>
    <subfield code="7">ba0yba0y</subfield>
    <subfield code="8">frefre</subfield>
    <subfield code="o">ISNI 0000 0000 3153 2932</subfield>
    <subfield code="a">Gallotta</subfield>
    <subfield code="b">Jean-Claude</subfield>
    <subfield code="f">1950-....</subfield>
    <subfield code="4">200</subfield>
  </datafield>
  <datafield tag="541" ind1=" " ind2="1">
    <subfield code="5">x|r</subfield>
    <subfield code="p">Utilise la musique [œuvre]</subfield>
    <subfield code="3">UMLRM0143</subfield>
    <subfield code="7">ba0yba0y</subfield>
    <subfield code="8">frelat</subfield>
    <subfield code="a">Dusapin,Pascal (1955-....)</subfield>
    <subfield code="t">Extenso</subfield>
  </datafield>
  <datafield tag="541" ind1=" " ind2="1">
    <subfield code="5">x|r</subfield>
    <subfield code="p">Utilise la musique [œuvre]</subfield>
    <subfield code="3">UMLRM0145</subfield>
    <subfield code="7">ba0yba0y</subfield>
    <subfield code="8">fre###</subfield>
    <subfield code="a">Dusapin,Pascal (1955-....)</subfield>
    <subfield code="t">Watt</subfield>
  </datafield>
  <datafield tag="541" ind1=" " ind2="1">
    <subfield code="5">x|r</subfield>
    <subfield code="p">Utilise la musique [œuvre]</subfield>
    <subfield code="3">UMLRM0146</subfield>
    <subfield code="7">ba0yba0y</subfield>
    <subfield code="8">fre###t</subfield>
    <subfield code="a">Dusapin,Pascal (1955-....)</subfield>
    <subfield code="t">Celo</subfield>
  </datafield>
  <datafield tag="541" ind1=" " ind2="1">
    <subfield code="5">x|r</subfield>
    <subfield code="p">Utilise la musique [œuvre]</subfield>
    <subfield code="3">UMLRM0144</subfield>
    <subfield code="7">ba0yba0y</subfield>
    <subfield code="8">frelat</subfield>
    <subfield code="a">Dusapin,Pascal (1955-....)</subfield>
    <subfield code="t">Apex</subfield>
  </datafield>
  <datafield tag="608" ind1=" " ind2=" ">
    <subfield code="3">11934698</subfield>
    <subfield code="a">Ballet</subfield>
    <subfield code="2">rameauGenre</subfield>
  </datafield>
  <datafield tag="640" ind1="6" ind2=" ">
    <subfield code="0">Première représentation (création)</subfield>
    <subfield code="p">FR</subfield>
    <subfield code="d">Paris</subfield>
    <subfield code="e">Opéra Bastille</subfield>
    <subfield code="f">#20010502#</subfield>
  </datafield>
  <datafield tag="801" ind1=" " ind2="0">
    <subfield code="a">FR</subfield>
    <subfield code="b">FR-751131015</subfield>
    <subfield code="c">20220725</subfield>
  </datafield>
  <datafield tag="810" ind1=" " ind2=" ">
    <subfield code="a">Mémopéra : http://www.memopera.fr (2013-03-15)</subfield>
  </datafield>
  <datafield tag="810" ind1=" " ind2=" ">
    <subfield code="a">Jean-Claude Gallotta, Nosferatu, ballet de l&apos;Opéra: [chorégraphie de Jean-Claude Gallotta, musiques de Pascal Dusapin] : [programme, 6 mai 2006, Opéra national de Paris, Opéra Bastille] / Opéra national de Paris. – Paris : Opéra national de Paris, copyright 2005. – [Texte noté. Image fixe : sans médiation]</subfield>
  </datafield>
</record>