
<record format="UNIMARC" type="Authority">
  <leader>01817cx  h2200337   4500</leader>
  <controlfield tag="001">UMLRM0143</controlfield>
  <controlfield tag="005">20220725.......D</controlfield>
  <datafield tag="100" ind1=" " ind2=" ">
    <subfield code="a">19980911afrey50      ba0</subfield>
  </datafield>
  <datafield tag="102" ind1=" " ind2=" ">
    <subfield code="a">FR</subfield>
  </datafield>
  <datafield tag="104" ind1=" " ind2=" ">
    <subfield code="a">d1994</subfield>
  </datafield>
  <datafield tag="127" ind1="0" ind2=" ">
    <subfield code="a">001200</subfield>
  </datafield>
  <datafield tag="128" ind1=" " ind2=" ">
    <subfield code="a">zz</subfield>
  </datafield>
  <datafield tag="140" ind1=" " ind2=" ">
    <subfield code="a">mu</subfield>
  </datafield>
  <datafield tag="145" ind1="0" ind2=" ">
    <subfield code="a">d</subfield>
  </datafield>
  <datafield tag="146" ind1="0" ind2=" ">
    <subfield code="a">b</subfield>
    <subfield code="d">01ofu</subfield>
  </datafield>
  <datafield tag="152" ind1=" " ind2=" ">
    <subfield code="a">RDA-FR</subfield>
  </datafield>
  <datafield tag="154" ind1=" " ind2=" ">
    <subfield code="a">xa</subfield>
  </datafield>
  <datafield tag="241" ind1=" " ind2="1">
    <subfield code="3">13893539</subfield>
    <subfield code="o">ISNI 0000 0001 2103 9893</subfield>
    <subfield code="a">Dusapin, Pascal (1955-....)</subfield>
    <subfield code="t">Extenso</subfield>
    <subfield code="7">ba0yba0y</subfield>
    <subfield code="8">frelat</subfield>
  </datafield>
  <datafield tag="370" ind1=" " ind2=" ">
    <subfield code="c">Commande de l&apos;Orchestre national de Lyon</subfield>
    <subfield code="c">Dates de composition : &quot;Paris, le 2 mai 1994, dernières corrections : août 2009&quot;</subfield>
    <subfield code="c">Création par l&apos;Orchestre national de Lyon sous la direction d&apos;Emmanuel Krivine le 13 octobre 1994</subfield>
  </datafield>
  <datafield tag="441" ind1=" " ind2="1">
    <subfield code="3">13893539</subfield>
    <subfield code="a">Dusapin, Pascal (1955-....)</subfield>
    <subfield code="t">Solo</subfield>
    <subfield code="r">Orchestre</subfield>
    <subfield code="s">No 2</subfield>
    <subfield code="7">ba0yba0y</subfield>
    <subfield code="8">frefre</subfield>
  </datafield>
  <datafield tag="441" ind1=" " ind2="0">
    <subfield code="3">13893539</subfield>
    <subfield code="a">Dusapin, Pascal (1955-....)</subfield>
    <subfield code="t">Solo n° 2 pour orchestre</subfield>
    <subfield code="7">ba0yba0y</subfield>
    <subfield code="8">frefre</subfield>
  </datafield>
  <datafield tag="501" ind1=" " ind2="1">
    <subfield code="3">13893539</subfield>
    <subfield code="o">ISNI 0000 0001 2103 9893</subfield>
    <subfield code="a">Dusapin</subfield>
    <subfield code="b">Pascal</subfield>
    <subfield code="f">1955-....</subfield>
    <subfield code="4">230</subfield>
  </datafield>
  <datafield tag="541" ind1=" " ind2="1">
    <subfield code="5">x|d</subfield>
    <subfield code="a">Dusapin, Pascal (1955-....)</subfield>
    <subfield code="t">7 solos pour orchestre</subfield>
    <subfield code="7">ba0yba0y</subfield>
    <subfield code="8">frefre</subfield>
  </datafield>
  <datafield tag="541" ind1=" " ind2="1">
    <subfield code="5">x|r</subfield>
    <subfield code="p">Musique utilisée dans [œuvre]</subfield>
    <subfield code="3">UMLRM0142</subfield>
    <subfield code="7">ba0yba0y</subfield>
    <subfield code="8">frefre</subfield>
    <subfield code="a">Gallotta, Jean-Claude (1950-....)</subfield>
    <subfield code="t">Nosferatu</subfield>
  </datafield>
  <datafield tag="608" ind1=" " ind2=" ">
    <subfield code="3">11981010</subfield>
    <subfield code="a">Orchestre, Musique d&apos;</subfield>
    <subfield code="3">11975995</subfield>
    <subfield code="z">20e siècle</subfield>
    <subfield code="2">rameauGenre</subfield>
  </datafield>
  <datafield tag="640" ind1="5" ind2=" ">
    <subfield code="0">Dates de composition</subfield>
    <subfield code="f">#1993####</subfield>
    <subfield code="i">#19940504#</subfield>
  </datafield>
  <datafield tag="640" ind1="6" ind2=" ">
    <subfield code="0">Première représentation (création)</subfield>
    <subfield code="p">FR</subfield>
    <subfield code="d">Lyon</subfield>
    <subfield code="e">Auditorium Maurice Ravel</subfield>
    <subfield code="f">#19941013#</subfield>
  </datafield>
  <datafield tag="801" ind1=" " ind2=" ">
    <subfield code="a">FR</subfield>
    <subfield code="b">FR-751131015</subfield>
    <subfield code="c">20220725</subfield>
  </datafield>
  <datafield tag="810" ind1=" " ind2=" ">
    <subfield code="a"> IRCAM : http://brahms.ircam.fr/works/work/14024 (2010-08-19)</subfield>
  </datafield>
  <datafield tag="810" ind1=" " ind2=" ">
    <subfield code="a"> Oxford music online : http://www.oxfordmusiconline.com (2010-08-19)</subfield>
  </datafield>
  <datafield tag="810" ind1=" " ind2=" ">
    <subfield code="a">7 solos pour orchestre / Pascal Dusapin ; Orchestre philharmonique de Liège Wallonie Bruxelles ; Pascal Rophé. – [France] : Naïve, P 2010. – [Musique exécutée : audio]. – Naïve MO 782180</subfield>
  </datafield>
</record>