
<record format="UNIMARC" type="Authority">
  <leader>01727cx  h2200313   4500</leader>
  <controlfield tag="001">UMLRM0145</controlfield>
  <controlfield tag="005">20220725.......D</controlfield>
  <datafield tag="100" ind1=" " ind2=" ">
    <subfield code="a">19980911afrey50      ba0</subfield>
  </datafield>
  <datafield tag="102" ind1=" " ind2=" ">
    <subfield code="a">FR</subfield>
  </datafield>
  <datafield tag="104" ind1=" " ind2=" ">
    <subfield code="a">d1995</subfield>
  </datafield>
  <datafield tag="127" ind1="0" ind2=" ">
    <subfield code="a">001700</subfield>
  </datafield>
  <datafield tag="128" ind1=" " ind2=" ">
    <subfield code="a">co</subfield>
  </datafield>
  <datafield tag="140" ind1=" " ind2=" ">
    <subfield code="a">mu</subfield>
  </datafield>
  <datafield tag="145" ind1="0" ind2=" ">
    <subfield code="a">d</subfield>
  </datafield>
  <datafield tag="146" ind1="0" ind2=" ">
    <subfield code="a">b</subfield>
    <subfield code="b">01btb    </subfield>
    <subfield code="d">01ofu</subfield>
  </datafield>
  <datafield tag="152" ind1=" " ind2=" ">
    <subfield code="a">RDA-FR</subfield>
  </datafield>
  <datafield tag="154" ind1=" " ind2=" ">
    <subfield code="a">xa</subfield>
  </datafield>
  <datafield tag="241" ind1=" " ind2="1">
    <subfield code="3">13893539</subfield>
    <subfield code="o">ISNI 0000 0001 2103 9893</subfield>
    <subfield code="a">Dusapin, Pascal (1955-....)</subfield>
    <subfield code="t">Watt</subfield>
    <subfield code="7">ba0yba0y</subfield>
    <subfield code="8">fre###</subfield>
  </datafield>
  <datafield tag="370" ind1=" " ind2=" ">
    <subfield code="c">Commande du Nevada Symphony Orchestra</subfield>
    <subfield code="c">Date de composition : Septembre 1994</subfield>
    <subfield code="c">Dédicace à Alain Trudel</subfield>
    <subfield code="c">Création par Alain Trudel (trombone) et le Nevada Symphony Orchestra sous la direction de Virko Baley le 1er juin 1995</subfield>
  </datafield>
  <datafield tag="501" ind1=" " ind2="1">
    <subfield code="3">13893539</subfield>
    <subfield code="o">ISNI 0000 0001 2103 9893</subfield>
    <subfield code="a">Dusapin</subfield>
    <subfield code="b">Pascal</subfield>
    <subfield code="f">1955-....</subfield>
    <subfield code="4">230</subfield>
  </datafield>
  <datafield tag="501" ind1=" " ind2="1">
    <subfield code="3">14028141</subfield>
    <subfield code="o">ISNI 0000 0001 1443 5900</subfield>
    <subfield code="a">Trudel</subfield>
    <subfield code="b">Alain</subfield>
    <subfield code="f">1966-....</subfield>
    <subfield code="4">280</subfield>
  </datafield>
  <datafield tag="541" ind1=" " ind2="1">
    <subfield code="5">x|r</subfield>
    <subfield code="p">Musique utilisée dans [œuvre]</subfield>
    <subfield code="3">UMLRM0142</subfield>
    <subfield code="7">ba0yba0y</subfield>
    <subfield code="8">frefre</subfield>
    <subfield code="a">Gallotta, Jean-Claude (1950-....)</subfield>
    <subfield code="t">Nosferatu</subfield>
  </datafield>
  <datafield tag="608" ind1=" " ind2=" ">
    <subfield code="3">12310717</subfield>
    <subfield code="a">Concertos (trombone)</subfield>
    <subfield code="3">11975995</subfield>
    <subfield code="z">20e siècle</subfield>
    <subfield code="2">rameauGenre</subfield>
  </datafield>
  <datafield tag="640" ind1="5" ind2=" ">
    <subfield code="0">Date de composition</subfield>
    <subfield code="f">#199406###</subfield>
  </datafield>
  <datafield tag="640" ind1="6" ind2=" ">
    <subfield code="0">Première représentation (création)</subfield>
    <subfield code="p">US</subfield>
    <subfield code="d">Las Vegas</subfield>
    <subfield code="e">Artemus Ham</subfield>
    <subfield code="f">#19950601#</subfield>
  </datafield>
  <datafield tag="801" ind1=" " ind2=" ">
    <subfield code="a">FR</subfield>
    <subfield code="b">FR-751131015</subfield>
    <subfield code="c">20220725</subfield>
  </datafield>
  <datafield tag="810" ind1=" " ind2=" ">
    <subfield code="a"> IRCAM : http://brahms.ircam.fr/works/work/14024 (2010-08-19)</subfield>
  </datafield>
  <datafield tag="810" ind1=" " ind2=" ">
    <subfield code="a"> Oxford music online : http://www.oxfordmusiconline.com (2010-08-19)</subfield>
  </datafield>
  <datafield tag="810" ind1=" " ind2=" ">
    <subfield code="a">Concerto[s] / Pascal Dusapin. ; Alain Trudel, trombone ; Juliette Hurel, flûte ; Sonia Wieder-Atherton, violoncelle ; Orchestre national de Montpellier, Orchestre de Paris ; Pascal Rophé, Christophe Eschenbach, direction d’orchestre. – [France] : Naïve, [DL 2010]. – [Musique exécutée : audio]. – Naïve MO782181</subfield>
  </datafield>
</record>