
<record format="UNIMARC" type="Authority">
  <leader>02124cx  f2200349   4500</leader>
  <controlfield tag="001">UMLRM0147</controlfield>
  <controlfield tag="005">20220712.......D</controlfield>
  <datafield tag="033" ind1=" " ind2=" ">
    <subfield code="a">https://data.bnf.fr/15078987/jean-claude_gallotta_nosferatu/</subfield>
  </datafield>
  <datafield tag="100" ind1=" " ind2=" ">
    <subfield code="a">20050513afrey50      ba0</subfield>
  </datafield>
  <datafield tag="102" ind1=" " ind2=" ">
    <subfield code="a">FR</subfield>
  </datafield>
  <datafield tag="104" ind1=" " ind2=" ">
    <subfield code="a">d2001</subfield>
  </datafield>
  <datafield tag="125" ind1="0" ind2=" ">
    <subfield code="a">m</subfield>
  </datafield>
  <datafield tag="140" ind1=" " ind2=" ">
    <subfield code="a">pe</subfield>
    <subfield code="b">bt </subfield>
    <subfield code="2">IAML-Formes</subfield>
  </datafield>
  <datafield tag="145" ind1="0" ind2=" ">
    <subfield code="a">c</subfield>
  </datafield>
  <datafield tag="145" ind1="0" ind2=" ">
    <subfield code="a">d</subfield>
  </datafield>
  <datafield tag="152" ind1=" " ind2=" ">
    <subfield code="a">RDA-FR</subfield>
  </datafield>
  <datafield tag="154" ind1=" " ind2=" ">
    <subfield code="a">xa</subfield>
  </datafield>
  <datafield tag="231" ind1=" " ind2=" ">
    <subfield code="a">Nosferatu</subfield>
    <subfield code="c">spectacle</subfield>
    <subfield code="d">2001</subfield>
    <subfield code="e">Paris ; Opéra Bastille</subfield>
    <subfield code="7">ba0yba0y</subfield>
    <subfield code="8">frefre</subfield>
  </datafield>
  <datafield tag="370" ind1=" " ind2=" ">
    <subfield code="c">Première représentation (création mondiale) : Paris (France) : Opéra national de Paris-Bastille, 2001-05-02. Reprise pour 5 représentations du 6 au 13 mai 2006 à l’Opéra Bastille.</subfield>
  </datafield>
  <datafield tag="501" ind1=" " ind2="1">
    <subfield code="3">12150665</subfield>
    <subfield code="7">ba0yba0y</subfield>
    <subfield code="8">frefre</subfield>
    <subfield code="o">ISNI 0000 0000 3153 2932</subfield>
    <subfield code="a">Gallotta</subfield>
    <subfield code="b">Jean-Claude</subfield>
    <subfield code="f">1950-....</subfield>
    <subfield code="4">200</subfield>
  </datafield>
  <datafield tag="501" ind1=" " ind2="1">
    <subfield code="3">13893539</subfield>
    <subfield code="7">ba0yba0y</subfield>
    <subfield code="8">frefre</subfield>
    <subfield code="o">ISNI 0000 0001 2103 9893</subfield>
    <subfield code="a">Dusapin</subfield>
    <subfield code="b">Pascal</subfield>
    <subfield code="f">1955-....</subfield>
    <subfield code="4">230</subfield>
  </datafield>
  <datafield tag="501" ind1=" " ind2="1">
    <subfield code="3">14654751</subfield>
    <subfield code="7">ba0yba0y</subfield>
    <subfield code="8">frefre</subfield>
    <subfield code="o">ISNI 0000 0003 6454 4704</subfield>
    <subfield code="a">Jeanneteau</subfield>
    <subfield code="b">Daniel</subfield>
    <subfield code="f">1963-....</subfield>
    <subfield code="4">632</subfield>
  </datafield>
  <datafield tag="501" ind1=" " ind2="1">
    <subfield code="3">14676342</subfield>
    <subfield code="7">ba0yba0y</subfield>
    <subfield code="8">frefre</subfield>
    <subfield code="a">Deratte</subfield>
    <subfield code="b">Laure</subfield>
    <subfield code="f">19..-....</subfield>
    <subfield code="4">632</subfield>
  </datafield>
  <datafield tag="501" ind1=" " ind2="1">
    <subfield code="3">14671708</subfield>
    <subfield code="7">ba0yba0y</subfield>
    <subfield code="8">frefre</subfield>
    <subfield code="o">ISNI 0000 0003 7503 2421</subfield>
    <subfield code="a">Bériot</subfield>
    <subfield code="b">Olivier</subfield>
    <subfield code="f">1963-....</subfield>
    <subfield code="4">633</subfield>
  </datafield>
  <datafield tag="501" ind1=" " ind2="1">
    <subfield code="3">14654720</subfield>
    <subfield code="7">ba0yba0y</subfield>
    <subfield code="8">frefre</subfield>
    <subfield code="o">ISNI 0000 0000 0131 6489</subfield>
    <subfield code="a">Bruguière</subfield>
    <subfield code="b">Dominique</subfield>
    <subfield code="f">1950-....</subfield>
    <subfield code="4">633</subfield>
  </datafield>
  <datafield tag="511" ind1="0" ind2="2">
    <subfield code="3">11865646</subfield>
    <subfield code="7">ba0yba0y</subfield>
    <subfield code="8">frefre</subfield>
    <subfield code="o">ISNI 0000 0001 2322 4603</subfield>
    <subfield code="a">Opéra national de Paris</subfield>
    <subfield code="4">630</subfield>
  </datafield>
  <datafield tag="541" ind1=" " ind2="1">
    <subfield code="5">xxr</subfield>
    <subfield code="p">Utilise les décors</subfield>
    <subfield code="3">UMLRM0138</subfield>
    <subfield code="7">ba0yba0y</subfield>
    <subfield code="8">frefre</subfield>
    <subfield code="a">Jeanneteau, Daniel (1963-....)</subfield>
    <subfield code="a">Deratte, Laure (19..-....)</subfield>
    <subfield code="t">[Maquette de décor en volume pour &quot;Nosferatu&quot;]</subfield>
  </datafield>
  <datafield tag="608" ind1=" " ind2=" ">
    <subfield code="3">11934698</subfield>
    <subfield code="a">Ballet</subfield>
    <subfield code="2">rameauGenre</subfield>
  </datafield>
  <datafield tag="640" ind1="6" ind2=" ">
    <subfield code="0">Première représentation (création)</subfield>
    <subfield code="p">FR</subfield>
    <subfield code="d">Paris</subfield>
    <subfield code="e">Opéra Bastille</subfield>
    <subfield code="f">#20010502#</subfield>
  </datafield>
  <datafield tag="801" ind1=" " ind2="0">
    <subfield code="a">FR</subfield>
    <subfield code="b">FR-751131015</subfield>
    <subfield code="c">20220920</subfield>
  </datafield>
  <datafield tag="810" ind1=" " ind2=" ">
    <subfield code="a">Mémopéra : http://www.memopera.fr(2013-03-15)</subfield>
  </datafield>
  <datafield tag="810" ind1=" " ind2=" ">
    <subfield code="a"> Jean-Claude Gallotta, Nosferatu, ballet de l&apos;Opéra: [chorégraphie de Jean-Claude Gallotta, musiques de Pascal Dusapin] : [programme, 6 mai 2006, Opéra national de Paris, Opéra Bastille] / Opéra national de Paris. – Paris : Opéra national de Paris, copyright 2005. – [Texte noté. Image fixe : sans médiation]</subfield>
  </datafield>
</record>