
<record format="UNIMARC" type="Authority">
  <leader>01368cx  f2200241   4500</leader>
  <controlfield tag="001">UMLRM0148</controlfield>
  <controlfield tag="005">20220712.......D</controlfield>
  <datafield tag="100" ind1=" " ind2=" ">
    <subfield code="a">20050513afrey50      ba0</subfield>
  </datafield>
  <datafield tag="102" ind1=" " ind2=" ">
    <subfield code="a">FR</subfield>
  </datafield>
  <datafield tag="104" ind1=" " ind2=" ">
    <subfield code="a">d2001</subfield>
  </datafield>
  <datafield tag="145" ind1="0" ind2=" ">
    <subfield code="a">c</subfield>
    <subfield code="b">bxxae</subfield>
  </datafield>
  <datafield tag="145" ind1="0" ind2=" ">
    <subfield code="a">d</subfield>
    <subfield code="b">bxxae</subfield>
  </datafield>
  <datafield tag="152" ind1=" " ind2=" ">
    <subfield code="a">RDA-FR</subfield>
  </datafield>
  <datafield tag="154" ind1=" " ind2=" ">
    <subfield code="a">xb</subfield>
  </datafield>
  <datafield tag="232" ind1=" " ind2=" ">
    <subfield code="3">UMLRM0147</subfield>
    <subfield code="7">ba0yba0y</subfield>
    <subfield code="8">frefre</subfield>
    <subfield code="a">Nosferatu</subfield>
    <subfield code="c">spectacle</subfield>
    <subfield code="d">2001</subfield>
    <subfield code="e">Paris ; Opéra Bastille</subfield>
    <subfield code="l">Réalisation</subfield>
  </datafield>
  <datafield tag="502" ind1=" " ind2="1">
    <subfield code="3">15891339</subfield>
    <subfield code="7">ba0yba0y</subfield>
    <subfield code="8">frespa</subfield>
    <subfield code="o">ISNI 0000 0000 7824 6722</subfield>
    <subfield code="a">Martinez</subfield>
    <subfield code="b">José</subfield>
    <subfield code="f">1969-....</subfield>
    <subfield code="c">danseur</subfield>
    <subfield code="4">275</subfield>
  </datafield>
  <datafield tag="502" ind1=" " ind2="1">
    <subfield code="3">13893539</subfield>
    <subfield code="7">ba0yba0y</subfield>
    <subfield code="8">frefre</subfield>
    <subfield code="o">ISNI 0000 0000 6309 2513</subfield>
    <subfield code="a">Kontarsky</subfield>
    <subfield code="b">Bernhard</subfield>
    <subfield code="f">1937-....</subfield>
    <subfield code="4">250</subfield>
  </datafield>
  <datafield tag="512" ind1="0" ind2="2">
    <subfield code="3">11945309</subfield>
    <subfield code="7">ba0yba0y</subfield>
    <subfield code="8">frefre</subfield>
    <subfield code="o">ISNI 0000 0001 2375 3986</subfield>
    <subfield code="a">Opéra national de Paris</subfield>
    <subfield code="b">Ballet</subfield>
    <subfield code="4">275</subfield>
  </datafield>
  <datafield tag="512" ind1="0" ind2="2">
    <subfield code="3">13905502</subfield>
    <subfield code="7">ba0yba0y</subfield>
    <subfield code="8">frefre</subfield>
    <subfield code="o">ISNI 0000 0001 2323 6161</subfield>
    <subfield code="a">Opéra national de Paris</subfield>
    <subfield code="b">Orchestre</subfield>
    <subfield code="4">545</subfield>
  </datafield>
  <datafield tag="541" ind1=" " ind2="1">
    <subfield code="5">x|r</subfield>
    <subfield code="p">Incorpore [expression/oeuvre]</subfield>
    <subfield code="3">UMLRM0142</subfield>
    <subfield code="7">ba0yba0y</subfield>
    <subfield code="8">frefre</subfield>
    <subfield code="a">Gallotta, Jean-Claude (1950-....)</subfield>
    <subfield code="t">Nosferatu</subfield>
  </datafield>
  <datafield tag="801" ind1=" " ind2="0">
    <subfield code="a">FR</subfield>
    <subfield code="b">FR-751131015</subfield>
    <subfield code="c">20220920</subfield>
  </datafield>
  <datafield tag="810" ind1=" " ind2=" ">
    <subfield code="a">Mémopéra : http://www.memopera.fr(2013-03-15)</subfield>
  </datafield>
  <datafield tag="810" ind1=" " ind2=" ">
    <subfield code="a"> Jean-Claude Gallotta, Nosferatu, ballet de l&apos;Opéra: [chorégraphie de Jean-Claude Gallotta, musiques de Pascal Dusapin] : [programme, 6 mai 2006, Opéra national de Paris, Opéra Bastille] / Opéra national de Paris. – Paris : Opéra national de Paris, copyright 2005. – [Texte noté. Image fixe : sans médiation]</subfield>
  </datafield>
</record>