
<record format="UNIMARC" type="Authority">
  <leader>01261nx  h2200277   4500</leader>
  <controlfield tag="001">UMLRM0149</controlfield>
  <datafield tag="100" ind1=" " ind2=" ">
    <subfield code="a">20221116afrey50      ba0</subfield>
  </datafield>
  <datafield tag="101" ind1="0" ind2=" ">
    <subfield code="a">fre</subfield>
  </datafield>
  <datafield tag="102" ind1=" " ind2=" ">
    <subfield code="a">FR</subfield>
  </datafield>
  <datafield tag="104" ind1=" " ind2=" ">
    <subfield code="a">d2020</subfield>
  </datafield>
  <datafield tag="125" ind1="0" ind2="0">
    <subfield code="a">m</subfield>
  </datafield>
  <datafield tag="140" ind1=" " ind2=" ">
    <subfield code="a">te</subfield>
    <subfield code="b">dicti</subfield>
    <subfield code="2">BnF-FonctTexMix</subfield>
  </datafield>
  <datafield tag="140" ind1=" " ind2=" ">
    <subfield code="a">te</subfield>
    <subfield code="b">e</subfield>
    <subfield code="2">UM/M105pos4-7</subfield>
  </datafield>
  <datafield tag="145" ind1="0" ind2=" ">
    <subfield code="a">i</subfield>
  </datafield>
  <datafield tag="152" ind1=" " ind2=" ">
    <subfield code="a">RDA-FR</subfield>
  </datafield>
  <datafield tag="154" ind1=" " ind2=" ">
    <subfield code="a">xa</subfield>
  </datafield>
  <datafield tag="241" ind1=" " ind2="1">
    <subfield code="3">11902797</subfield>
    <subfield code="o">ISNI 0000 0001 2023 6609</subfield>
    <subfield code="a">Finné, Jacques (1944-….)</subfield>
    <subfield code="3">11914577</subfield>
    <subfield code="o">ISNI 0000 0000 8357 1052</subfield>
    <subfield code="a">Marigny, Jean (1939-....)</subfield>
    <subfield code="t">Dictionnaire des littératures vampiriques</subfield>
    <subfield code="7">ba0yba0y</subfield>
    <subfield code="8">frefre</subfield>
  </datafield>
  <datafield tag="370" ind1=" " ind2=" ">
    <subfield code="a">Bibliographie (5 pages)</subfield>
  </datafield>
  <datafield tag="501" ind1=" " ind2="1">
    <subfield code="3">11902797</subfield>
    <subfield code="7">ba0yba0y</subfield>
    <subfield code="8">frefre</subfield>
    <subfield code="o">ISNI 0000 0001 2023 6609</subfield>
    <subfield code="a">Finné</subfield>
    <subfield code="f">1944-….</subfield>
    <subfield code="4">070</subfield>
  </datafield>
  <datafield tag="501" ind1=" " ind2="1">
    <subfield code="3">11914577</subfield>
    <subfield code="7">ba0yba0y</subfield>
    <subfield code="8">frefre</subfield>
    <subfield code="o">ISNI 0000 0000 8357 1052</subfield>
    <subfield code="a">Marigny</subfield>
    <subfield code="b">Jean</subfield>
    <subfield code="f">1939-....</subfield>
    <subfield code="4">070</subfield>
  </datafield>
  <datafield tag="606" ind1=" " ind2=" ">
    <subfield code="3">11945972</subfield>
    <subfield code="7">ba0yba0y</subfield>
    <subfield code="8">frefre</subfield>
    <subfield code="a">Vampires</subfield>
    <subfield code="3">11996647</subfield>
    <subfield code="a">Dans la littérature</subfield>
    <subfield code="2">rameau</subfield>
  </datafield>
  <datafield tag="608" ind1=" " ind2=" ">
    <subfield code="3">11931877</subfield>
    <subfield code="7">ba0yba0y</subfield>
    <subfield code="8">frefre</subfield>
    <subfield code="a">Dictionnaires</subfield>
    <subfield code="2">rameau-Forme</subfield>
  </datafield>
  <datafield tag="640" ind1="6" ind2=" ">
    <subfield code="0">Date de première publication</subfield>
    <subfield code="f">#2020#####</subfield>
  </datafield>
  <datafield tag="676" ind1=" " ind2=" ">
    <subfield code="a">809.933 75</subfield>
    <subfield code="v">23</subfield>
  </datafield>
  <datafield tag="801" ind1=" " ind2="0">
    <subfield code="a">FR</subfield>
    <subfield code="b">FR-751045101</subfield>
    <subfield code="c">20221116</subfield>
  </datafield>
  <datafield tag="810" ind1=" " ind2=" ">
    <subfield code="a">Dictionnaire des littératures vampiriques / Jacques Finné, Jean Marigny ; préface d&apos;Alain Pozzuoli. – Dinan : Terre de brume, 2020. – [Texte noté : sans médiation] . – ISBN 978-2-84362-674-6</subfield>
  </datafield>
</record>