
<record format="UNIMARC" type="Authority">
  <leader>00663nx  h2200181   4500</leader>
  <controlfield tag="001">UMLRM0151</controlfield>
  <datafield tag="100" ind1=" " ind2=" ">
    <subfield code="a">20220927afrey50      ba0</subfield>
  </datafield>
  <datafield tag="101" ind1="0" ind2=" ">
    <subfield code="a">zxx</subfield>
  </datafield>
  <datafield tag="102" ind1=" " ind2=" ">
    <subfield code="a">FR</subfield>
  </datafield>
  <datafield tag="104" ind1=" " ind2=" ">
    <subfield code="a">d1968</subfield>
  </datafield>
  <datafield tag="145" ind1="0" ind2=" ">
    <subfield code="a">b</subfield>
    <subfield code="b">xb2e</subfield>
  </datafield>
  <datafield tag="147" ind1="0" ind2=" ">
    <subfield code="a">a</subfield>
  </datafield>
  <datafield tag="152" ind1=" " ind2=" ">
    <subfield code="a">RDA-FR</subfield>
  </datafield>
  <datafield tag="154" ind1=" " ind2=" ">
    <subfield code="a">xb</subfield>
  </datafield>
  <datafield tag="242" ind1=" " ind2="1">
    <subfield code="3">UMLRM0150</subfield>
    <subfield code="7">ba0yba0y</subfield>
    <subfield code="8">frefre</subfield>
    <subfield code="a">Druillet, Philippe (1944-....)</subfield>
    <subfield code="t">Illustrations pour &quot;Dracula&quot; de Bram Stoker</subfield>
    <subfield code="n">Image fixe</subfield>
  </datafield>
  <datafield tag="640" ind1="6" ind2=" ">
    <subfield code="0">Date de première publication</subfield>
    <subfield code="f">#1968#####</subfield>
  </datafield>
  <datafield tag="801" ind1=" " ind2="0">
    <subfield code="a">FR</subfield>
    <subfield code="b">FR-751045101</subfield>
    <subfield code="c">20220927</subfield>
  </datafield>
  <datafield tag="810" ind1=" " ind2=" ">
    <subfield code="a">Dracula / Bram Stoker ; illustrations originales de Philippe Druillet ; introduction de Tony Faivre. - Paris : Éditions Opta, 1968. - [Texte noté, image fixe : sans médiation]</subfield>
  </datafield>
</record>