
<record format="UNIMARC" type="Authority">
  <leader>00754nx  f2200193   4500</leader>
  <controlfield tag="001">UMLRM0153</controlfield>
  <datafield tag="100" ind1=" " ind2=" ">
    <subfield code="a">20221008afrey50      ba0</subfield>
  </datafield>
  <datafield tag="101" ind1="0" ind2=" ">
    <subfield code="a">zxx</subfield>
  </datafield>
  <datafield tag="102" ind1=" " ind2=" ">
    <subfield code="a">FR</subfield>
  </datafield>
  <datafield tag="104" ind1=" " ind2=" ">
    <subfield code="a">d1932</subfield>
  </datafield>
  <datafield tag="105" ind1=" " ind2=" ">
    <subfield code="a">ba</subfield>
  </datafield>
  <datafield tag="145" ind1="0" ind2=" ">
    <subfield code="a">b</subfield>
    <subfield code="b">xb2e</subfield>
  </datafield>
  <datafield tag="147" ind1="0" ind2=" ">
    <subfield code="a">a</subfield>
  </datafield>
  <datafield tag="152" ind1=" " ind2=" ">
    <subfield code="a">RDA-FR</subfield>
  </datafield>
  <datafield tag="154" ind1=" " ind2=" ">
    <subfield code="a">xb</subfield>
  </datafield>
  <datafield tag="232" ind1=" " ind2=" ">
    <subfield code="3">UMLRM0152</subfield>
    <subfield code="7">ba0yba0y</subfield>
    <subfield code="8">frefre</subfield>
    <subfield code="a">[Photographies extraites du film « Dracula » de Tod Browning]</subfield>
    <subfield code="k">Tallandier</subfield>
    <subfield code="d">1932</subfield>
    <subfield code="n">Image fixe</subfield>
  </datafield>
  <datafield tag="640" ind1="6" ind2=" ">
    <subfield code="0">Date de première publication</subfield>
    <subfield code="f">#1932#####</subfield>
  </datafield>
  <datafield tag="801" ind1=" " ind2="0">
    <subfield code="a">FR</subfield>
    <subfield code="b">FR-751045101</subfield>
    <subfield code="c">20221008</subfield>
  </datafield>
  <datafield tag="810" ind1=" " ind2=" ">
    <subfield code="a">Dracula, l&apos;homme de la nuit : roman traduit par Ève et Lucie Paul-Margueritte et illustré de nombreuses photographies du film &quot;Dracula&quot; / Brahm Stoker. – Paris : Éditions J. Tallandier, 1932. – [Texte noté. Image fixe : sans médiation]</subfield>
  </datafield>
</record>