
<record format="UNIMARC" type="Authority">
  <leader>03370cx  f2200541   4500</leader>
  <controlfield tag="001">UMLRM0154</controlfield>
  <controlfield tag="005">20220322######.D</controlfield>
  <datafield tag="033" ind1=" " ind2=" ">
    <subfield code="a">http://catalogue.bnf.fr/ark:/12148/cb164600587</subfield>
  </datafield>
  <datafield tag="033" ind1=" " ind2=" ">
    <subfield code="a">https://www.wikidata.org/wiki/Q279378</subfield>
  </datafield>
  <datafield tag="052" ind1=" " ind2=" ">
    <subfield code="a">0000-0000-EDB1-0000-2-0000-0000-V</subfield>
  </datafield>
  <datafield tag="100" ind1=" " ind2=" ">
    <subfield code="a">20221008afrey50      ba0</subfield>
  </datafield>
  <datafield tag="101" ind1="0" ind2=" ">
    <subfield code="a">eng</subfield>
  </datafield>
  <datafield tag="102" ind1=" " ind2=" ">
    <subfield code="a">US</subfield>
  </datafield>
  <datafield tag="104" ind1=" " ind2=" ">
    <subfield code="a">d1931</subfield>
  </datafield>
  <datafield tag="125" ind1="0" ind2=" ">
    <subfield code="a">m</subfield>
  </datafield>
  <datafield tag="127" ind1="0" ind2=" ">
    <subfield code="a">011500</subfield>
  </datafield>
  <datafield tag="140" ind1=" " ind2=" ">
    <subfield code="a">ic</subfield>
    <subfield code="b">fffa</subfield>
    <subfield code="2">BnF-</subfield>
    <subfield code="2">BnF-GenreFilm</subfield>
  </datafield>
  <datafield tag="145" ind1="0" ind2=" ">
    <subfield code="a">b</subfield>
    <subfield code="b">xa2ae</subfield>
  </datafield>
  <datafield tag="147" ind1="0" ind2=" ">
    <subfield code="a">a</subfield>
    <subfield code="e">b</subfield>
    <subfield code="h">a</subfield>
  </datafield>
  <datafield tag="152" ind1=" " ind2=" ">
    <subfield code="a">RDA-FR</subfield>
  </datafield>
  <datafield tag="154" ind1=" " ind2=" ">
    <subfield code="a">xa</subfield>
  </datafield>
  <datafield tag="231" ind1=" " ind2=" ">
    <subfield code="a">Dracula</subfield>
    <subfield code="c">film</subfield>
    <subfield code="d">1931</subfield>
    <subfield code="7">ba0yba0y</subfield>
    <subfield code="8">fre###</subfield>
  </datafield>
  <datafield tag="370" ind1=" " ind2=" ">
    <subfield code="c">Adapté de la pièce de théâtre de Hamilton Deane et John L. Balderston &quot;Dracula&quot;</subfield>
    <subfield code="c">En 1999, création d’une nouvelle bande sonore écrite par Philip Glass et interprétée par le Kronos quartet.</subfield>
  </datafield>
  <datafield tag="431" ind1=" " ind2=" ">
    <subfield code="a">Dracula le vampire</subfield>
    <subfield code="c">film</subfield>
  </datafield>
  <datafield tag="441" ind1=" " ind2=" ">
    <subfield code="3">12086885</subfield>
    <subfield code="7">ba0yba0y</subfield>
    <subfield code="8">fre###</subfield>
    <subfield code="a">Browning, Tod (1882-1962)</subfield>
    <subfield code="t">Dracula</subfield>
  </datafield>
  <datafield tag="441" ind1=" " ind2=" ">
    <subfield code="3">12086885</subfield>
    <subfield code="7">ba0yba0y</subfield>
    <subfield code="8">frefre</subfield>
    <subfield code="a">Browning, Tod (1882-1962)</subfield>
    <subfield code="t">Dracula le vampire</subfield>
  </datafield>
  <datafield tag="501" ind1=" " ind2="1">
    <subfield code="3">12086885</subfield>
    <subfield code="7">ba0yba0y</subfield>
    <subfield code="8">fre###</subfield>
    <subfield code="o">ISNI 0000 0000 8156 0851</subfield>
    <subfield code="a">Browning</subfield>
    <subfield code="b">Tod</subfield>
    <subfield code="f">1882-1962</subfield>
    <subfield code="4">300</subfield>
  </datafield>
  <datafield tag="501" ind1=" " ind2="1">
    <subfield code="3">14091523</subfield>
    <subfield code="7">ba0yba0y</subfield>
    <subfield code="8">fre###</subfield>
    <subfield code="o">ISNI 0000 0000 2128 3813</subfield>
    <subfield code="a">Deane</subfield>
    <subfield code="b">Hamilton</subfield>
    <subfield code="f">1879-1958</subfield>
    <subfield code="4">690</subfield>
  </datafield>
  <datafield tag="501" ind1=" " ind2="1">
    <subfield code="3">14098404</subfield>
    <subfield code="7">ba0yba0y</subfield>
    <subfield code="8">fre###</subfield>
    <subfield code="o">ISNI 0000 0000 6310 1360</subfield>
    <subfield code="a">Fort</subfield>
    <subfield code="b">Garrett</subfield>
    <subfield code="f">1900-1945</subfield>
    <subfield code="4">690</subfield>
  </datafield>
  <datafield tag="501" ind1=" " ind2="1">
    <subfield code="3">12121661</subfield>
    <subfield code="7">ba0yba0y</subfield>
    <subfield code="8">fre###</subfield>
    <subfield code="o">ISNI 0000 0001 2276 8254</subfield>
    <subfield code="a">Lugosi</subfield>
    <subfield code="b">Bela</subfield>
    <subfield code="f">1882-1956</subfield>
    <subfield code="4">005</subfield>
  </datafield>
  <datafield tag="501" ind1=" " ind2="1">
    <subfield code="3">14017983</subfield>
    <subfield code="7">ba0yba0y</subfield>
    <subfield code="8">fre###</subfield>
    <subfield code="o">ISNI 0000 0001 2125 0170</subfield>
    <subfield code="a">Manners</subfield>
    <subfield code="b">David</subfield>
    <subfield code="f">1900-1998</subfield>
    <subfield code="4">005</subfield>
  </datafield>
  <datafield tag="501" ind1=" " ind2="1">
    <subfield code="3">14163316</subfield>
    <subfield code="7">ba0yba0y</subfield>
    <subfield code="8">fre###</subfield>
    <subfield code="o">ISNI 0000 0000 2480 0695</subfield>
    <subfield code="a">Chandler</subfield>
    <subfield code="b">Helen</subfield>
    <subfield code="f">1906-1965</subfield>
    <subfield code="4">005</subfield>
  </datafield>
  <datafield tag="531" ind1=" " ind2=" ">
    <subfield code="5">xxr</subfield>
    <subfield code="p">A pour selection [oeuvre]</subfield>
    <subfield code="3">UMLRM0152</subfield>
    <subfield code="7">ba0yba0y</subfield>
    <subfield code="8">frefre</subfield>
    <subfield code="a">[Photographies extraites du film &quot;Dracula&quot; de Tod Browning]</subfield>
    <subfield code="k">Tallandier</subfield>
    <subfield code="d">1932</subfield>
  </datafield>
  <datafield tag="531" ind1=" " ind2=" ">
    <subfield code="5">xxc</subfield>
    <subfield code="p">A pour remake</subfield>
    <subfield code="3">UMLRM0163</subfield>
    <subfield code="7">ba0yba0y</subfield>
    <subfield code="8">frespa</subfield>
    <subfield code="a">Drácula</subfield>
    <subfield code="c">film</subfield>
    <subfield code="d">1931</subfield>
    <subfield code="f">espagnol</subfield>
  </datafield>
  <datafield tag="531" ind1=" " ind2=" ">
    <subfield code="5">xxc</subfield>
    <subfield code="p">A pour parodie</subfield>
    <subfield code="3">UMLRM0120</subfield>
    <subfield code="7">ba0yba0y</subfield>
    <subfield code="8">freeng</subfield>
    <subfield code="a">Dracula, dead and loving it</subfield>
    <subfield code="c">film</subfield>
  </datafield>
  <datafield tag="541" ind1=" " ind2="1">
    <subfield code="5">xxa</subfield>
    <subfield code="p">Est une adaptation dans un autre mode de création de [œuvre]</subfield>
    <subfield code="3">UMLRM0155</subfield>
    <subfield code="7">ba0yba0y</subfield>
    <subfield code="8">fre###</subfield>
    <subfield code="a">Deane, Hamilton (1879-1958)</subfield>
    <subfield code="a">Balderston, John L. (1889-1954)</subfield>
    <subfield code="t">Dracula</subfield>
  </datafield>
  <datafield tag="541" ind1=" " ind2="1">
    <subfield code="5">xxl</subfield>
    <subfield code="3">UMLRM0004</subfield>
    <subfield code="7">ba0yba0y</subfield>
    <subfield code="8">fre###</subfield>
    <subfield code="a">Stoker</subfield>
    <subfield code="b">Bram (1847-1912)</subfield>
    <subfield code="t">Dracula</subfield>
  </datafield>
  <datafield tag="541" ind1=" " ind2="1">
    <subfield code="5">xxf</subfield>
    <subfield code="p">A pour complément</subfield>
    <subfield code="3">UMLRM0156</subfield>
    <subfield code="7">ba0yba0y</subfield>
    <subfield code="8">fre###</subfield>
    <subfield code="a">Glass, Philip (1937-....)</subfield>
    <subfield code="t">Dracula</subfield>
  </datafield>
  <datafield tag="608" ind1=" " ind2=" ">
    <subfield code="3">11980577</subfield>
    <subfield code="a">Films d’horreur</subfield>
    <subfield code="2">rameauGenre</subfield>
  </datafield>
  <datafield tag="640" ind1="5" ind2=" ">
    <subfield code="0">Dates de tournage</subfield>
    <subfield code="f">#19300929#</subfield>
    <subfield code="i">#19301115#</subfield>
  </datafield>
  <datafield tag="640" ind1="6" ind2=" ">
    <subfield code="a">FR</subfield>
    <subfield code="f">#19320122#</subfield>
  </datafield>
  <datafield tag="640" ind1="0" ind2=" ">
    <subfield code="0">Date de copyright</subfield>
    <subfield code="f">#1931#####</subfield>
  </datafield>
  <datafield tag="801" ind1=" " ind2=" ">
    <subfield code="a">FR</subfield>
    <subfield code="b">FR-751131015</subfield>
    <subfield code="c">20220322</subfield>
  </datafield>
  <datafield tag="810" ind1=" " ind2=" ">
    <subfield code="a">Dracula / Tod Browning, réalisateur ; d’après Bram Stoker, Hamilton Deane, John L. Balderston ; Hamilton Deane, Garrett Fort, scenario ; Bela Lugosi, David Manners, Helen Chandler... [et autres], acteurs. – [Paris] : Universal StudioCanal vidéo [éditeur et distributeur], 2014. – [Images animées : vidéo]</subfield>
  </datafield>
  <datafield tag="810" ind1=" " ind2=" ">
    <subfield code="a">Registre des visas et de la classification du CNC : https://www.cnc.fr/professionnels/visas-et-classification/32273 (2022-03-22)</subfield>
  </datafield>
  <datafield tag="810" ind1=" " ind2=" ">
    <subfield code="a">Wikipédia : https://fr.wikipedia.org/wiki/Dracula_(film,_1931) (2022-03-22)</subfield>
  </datafield>
  <datafield tag="810" ind1=" " ind2=" ">
    <subfield code="a">IMDB (Internet movie database) - https://www.imdb.com/title/tt0021814 (2022-03-22)</subfield>
  </datafield>
  <datafield tag="810" ind1=" " ind2=" ">
    <subfield code="a"> Ciné-ressources : http://www.cineressources.net/ (2022-1009). Sous : Dracula (1930) Tod Browning</subfield>
    <subfield code="b">Dates de tournage</subfield>
  </datafield>
</record>