
<record format="UNIMARC" type="Authority">
  <leader>02012cx  h2200337   4500</leader>
  <controlfield tag="001">UMLRM0155</controlfield>
  <controlfield tag="005">20221012######.D</controlfield>
  <datafield tag="033" ind1=" " ind2=" ">
    <subfield code="a">https://www.wikidata.org/wiki/Q1254421</subfield>
  </datafield>
  <datafield tag="100" ind1=" " ind2=" ">
    <subfield code="a">20221010afrey50      ba0</subfield>
  </datafield>
  <datafield tag="101" ind1="0" ind2=" ">
    <subfield code="a">eng</subfield>
  </datafield>
  <datafield tag="102" ind1=" " ind2=" ">
    <subfield code="a">GB</subfield>
  </datafield>
  <datafield tag="104" ind1=" " ind2=" ">
    <subfield code="a">d1924</subfield>
  </datafield>
  <datafield tag="125" ind1="0" ind2=" ">
    <subfield code="a">m</subfield>
  </datafield>
  <datafield tag="140" ind1=" " ind2=" ">
    <subfield code="a">te</subfield>
    <subfield code="b">thfan</subfield>
    <subfield code="2">BnF-GenreLitt</subfield>
  </datafield>
  <datafield tag="140" ind1=" " ind2=" ">
    <subfield code="a">te</subfield>
    <subfield code="b">thepo</subfield>
    <subfield code="2">BnF-GenreLitt</subfield>
  </datafield>
  <datafield tag="145" ind1="0" ind2=" ">
    <subfield code="a">i</subfield>
  </datafield>
  <datafield tag="152" ind1=" " ind2=" ">
    <subfield code="a">RDA-FR</subfield>
  </datafield>
  <datafield tag="154" ind1=" " ind2=" ">
    <subfield code="a">xa</subfield>
  </datafield>
  <datafield tag="241" ind1=" " ind2="1">
    <subfield code="3">14091523</subfield>
    <subfield code="o">ISNI 0000 0000 2128 3813</subfield>
    <subfield code="a">Deane, Hamilton (1879-1958)</subfield>
    <subfield code="3">14007497</subfield>
    <subfield code="o">ISNI 0000 0000 8142 2184</subfield>
    <subfield code="a">Balderston, John L. (1889-1954)</subfield>
    <subfield code="t">Dracula</subfield>
    <subfield code="7">ba0yba0y</subfield>
    <subfield code="8">freeng</subfield>
  </datafield>
  <datafield tag="370" ind1=" " ind2=" ">
    <subfield code="a">Pièce de théâtre qui est la première adaptation autorisée du roman &quot;Dracula&quot; de Bram Stoker</subfield>
    <subfield code="c">Écrite par l’acteur et dramaturge irlandais Hamilton Deane en 1924, puis révisée par l’écrivain américain John L. Balderston en 1927 en vue d’une production à Broadway. La version révisée de la pièce a fait une tournée nationale aux États-Unis et a remplacé la version originale à Londres</subfield>
    <subfield code="c">Adaptation cinématographique par Tod Browning en 1931</subfield>
  </datafield>
  <datafield tag="501" ind1=" " ind2="1">
    <subfield code="3">14091523</subfield>
    <subfield code="7">ba0yba0y</subfield>
    <subfield code="8">fre###</subfield>
    <subfield code="o">ISNI 0000 0000 2128 3813</subfield>
    <subfield code="a">Deane</subfield>
    <subfield code="b">Hamilton</subfield>
    <subfield code="f">1879-1958</subfield>
    <subfield code="4">070</subfield>
  </datafield>
  <datafield tag="501" ind1=" " ind2="1">
    <subfield code="3">14007497</subfield>
    <subfield code="7">ba0yba0y</subfield>
    <subfield code="8">fre###</subfield>
    <subfield code="o">ISNI 0000 0000 8142 2184</subfield>
    <subfield code="a">Balderston</subfield>
    <subfield code="b">John L.</subfield>
    <subfield code="f">1889-1954</subfield>
    <subfield code="4">070</subfield>
  </datafield>
  <datafield tag="531" ind1=" " ind2=" ">
    <subfield code="5">xxc</subfield>
    <subfield code="3">UMLRM0154</subfield>
    <subfield code="a">Dracula</subfield>
    <subfield code="c">film</subfield>
    <subfield code="d">19317ba0yba0y</subfield>
    <subfield code="8">fre###</subfield>
  </datafield>
  <datafield tag="531" ind1=" " ind2=" ">
    <subfield code="5">xxc</subfield>
    <subfield code="3">UMLRM0163</subfield>
    <subfield code="a">Drácula</subfield>
    <subfield code="c">film</subfield>
    <subfield code="d">1931</subfield>
    <subfield code="f">espagnol</subfield>
    <subfield code="7">ba0yba0y</subfield>
    <subfield code="8">frespa</subfield>
  </datafield>
  <datafield tag="541" ind1=" " ind2="1">
    <subfield code="5">xxa</subfield>
    <subfield code="p">Est une adaptation dans un autre mode de création de [œuvre]</subfield>
    <subfield code="3">UMLRM0004</subfield>
    <subfield code="o">ISNI 0000 0001 2122 2356</subfield>
    <subfield code="a">Stoker, Bram (1847-1912)</subfield>
    <subfield code="t">Dracula</subfield>
    <subfield code="7">ba0yba0y</subfield>
    <subfield code="8">freeng</subfield>
  </datafield>
  <datafield tag="640" ind1="5" ind2=" ">
    <subfield code="0">Date d’écriture</subfield>
    <subfield code="f">#1924#####</subfield>
  </datafield>
  <datafield tag="640" ind1="5" ind2=" ">
    <subfield code="0">Date de révision</subfield>
    <subfield code="f">#1927#####</subfield>
  </datafield>
  <datafield tag="640" ind1="6" ind2=" ">
    <subfield code="0">Première représentation (version originale)</subfield>
    <subfield code="a">GB</subfield>
    <subfield code="d">Derby</subfield>
    <subfield code="e">Grand Theatre</subfield>
    <subfield code="f">#19240805#</subfield>
  </datafield>
  <datafield tag="640" ind1="6" ind2=" ">
    <subfield code="0">Première représentation (version révisée)</subfield>
    <subfield code="a">US</subfield>
    <subfield code="d">New York</subfield>
    <subfield code="e">Fulton Theatre</subfield>
    <subfield code="f">#192710###</subfield>
  </datafield>
  <datafield tag="801" ind1=" " ind2=" ">
    <subfield code="a">FR</subfield>
    <subfield code="b">FR-751131015</subfield>
    <subfield code="c">20221012</subfield>
  </datafield>
  <datafield tag="810" ind1=" " ind2=" ">
    <subfield code="a">Wikipédia : https://en.wikipedia.org/wiki/Dracula_(1924_play) (2022-10-12)</subfield>
  </datafield>
</record>