
<record format="UNIMARC" type="Authority">
  <leader>01632cx  h2200289   4500</leader>
  <controlfield tag="001">UMLRM0156</controlfield>
  <controlfield tag="005">20180220######.D</controlfield>
  <datafield tag="100" ind1=" " ind2=" ">
    <subfield code="a">20000209afrey50      ba0</subfield>
  </datafield>
  <datafield tag="101" ind1=" " ind2=" ">
    <subfield code="a">zxx</subfield>
  </datafield>
  <datafield tag="102" ind1=" " ind2=" ">
    <subfield code="a">US</subfield>
  </datafield>
  <datafield tag="104" ind1=" " ind2=" ">
    <subfield code="a">d1999</subfield>
  </datafield>
  <datafield tag="125" ind1="0" ind2=" ">
    <subfield code="a">m</subfield>
  </datafield>
  <datafield tag="128" ind1=" " ind2=" ">
    <subfield code="a">mp</subfield>
  </datafield>
  <datafield tag="140" ind1=" " ind2=" ">
    <subfield code="a">mu</subfield>
  </datafield>
  <datafield tag="145" ind1="0" ind2=" ">
    <subfield code="a">d</subfield>
  </datafield>
  <datafield tag="146" ind1="0" ind2=" ">
    <subfield code="a">b</subfield>
    <subfield code="c">02svl    </subfield>
    <subfield code="c">02sva    </subfield>
    <subfield code="c">01svc</subfield>
  </datafield>
  <datafield tag="152" ind1=" " ind2=" ">
    <subfield code="a">RDA-FR</subfield>
  </datafield>
  <datafield tag="154" ind1=" " ind2=" ">
    <subfield code="a">xa</subfield>
  </datafield>
  <datafield tag="241" ind1=" " ind2="1">
    <subfield code="3">13894531</subfield>
    <subfield code="o">ISNI 0000 0001 2136 7029</subfield>
    <subfield code="a">Glass, Philip (1937-....)</subfield>
    <subfield code="t">Dracula</subfield>
    <subfield code="7">ba0yba0y</subfield>
    <subfield code="8">fre###</subfield>
  </datafield>
  <datafield tag="370" ind1=" " ind2=" ">
    <subfield code="a">Musique composée pour le film du même titre de Tod Browning, réalisé en 1931</subfield>
    <subfield code="a">Réunit : Dracula ; Journey to the inn ; The inn ; The crypt ; Carriage without a driver ; The castle ; The drawing room ; Excellent, Mr. Renfield ; The three consorts of Dracula ; The storm ; Horrible tragedy ; London fog ; In the theatre ; Lucy&apos;s bitten ; Steward sanatorium ; Renfield ; In his cell ; When the dream comes ; Dracula enters ; Or a wolf ; Women in white ; Renfield in the drawing room ; Dr. van Helsing and Dracula ; Mina&apos;s</subfield>
  </datafield>
  <datafield tag="501" ind1=" " ind2="1">
    <subfield code="3">13894531</subfield>
    <subfield code="7">ba0yba0y</subfield>
    <subfield code="8">freeng</subfield>
    <subfield code="o">ISNI 0000 0001 2136 7029</subfield>
    <subfield code="a">Glass</subfield>
    <subfield code="b">Philip</subfield>
    <subfield code="f">1937-....</subfield>
    <subfield code="4">230</subfield>
  </datafield>
  <datafield tag="531" ind1=" " ind2=" ">
    <subfield code="5">xxg</subfield>
    <subfield code="p">Est un complément de]</subfield>
    <subfield code="3">UMLRM0154</subfield>
    <subfield code="a">Dracula</subfield>
    <subfield code="c">film</subfield>
    <subfield code="d">1931</subfield>
    <subfield code="7">ba0yba0y</subfield>
    <subfield code="8">fre###</subfield>
  </datafield>
  <datafield tag="608" ind1=" " ind2=" ">
    <subfield code="3">11937299</subfield>
    <subfield code="a">Musique de film</subfield>
    <subfield code="2">rameauGenre</subfield>
  </datafield>
  <datafield tag="640" ind1="6" ind2=" ">
    <subfield code="0">Date de première publication</subfield>
    <subfield code="f">#1999#####</subfield>
  </datafield>
  <datafield tag="801" ind1=" " ind2=" ">
    <subfield code="a">FR</subfield>
    <subfield code="b">FR-751131015</subfield>
    <subfield code="c">20180220</subfield>
  </datafield>
  <datafield tag="810" ind1=" " ind2=" ">
    <subfield code="a">Grove Music Online : http://www.oxfordmusiconline.com (2017-02-20)</subfield>
  </datafield>
  <datafield tag="810" ind1=" " ind2=" ">
    <subfield code="a">Dracula / music by Philip Glass ; performed by Kronos quartet. – London : WEA Europe ; Le Blanc-Mesnil : distrib. Warner music France, 1999. – [Musique exécutée : audio]. – Nonesuch 795842</subfield>
  </datafield>
</record>