
<record format="UNIMARC" type="Authority">
  <leader>01226nx  h2200265   4500</leader>
  <controlfield tag="001">UMLRM0157</controlfield>
  <datafield tag="100" ind1=" " ind2=" ">
    <subfield code="a">20221013afrey50      ba0</subfield>
  </datafield>
  <datafield tag="101" ind1=" " ind2=" ">
    <subfield code="a">zxx</subfield>
  </datafield>
  <datafield tag="102" ind1=" " ind2=" ">
    <subfield code="a">US</subfield>
  </datafield>
  <datafield tag="104" ind1=" " ind2=" ">
    <subfield code="a">d1999</subfield>
  </datafield>
  <datafield tag="145" ind1=" " ind2=" ">
    <subfield code="a">d</subfield>
    <subfield code="b">bxxa</subfield>
  </datafield>
  <datafield tag="146" ind1="0" ind2=" ">
    <subfield code="a">b</subfield>
    <subfield code="c">02svl    </subfield>
    <subfield code="c">02sva    </subfield>
    <subfield code="c">01svc</subfield>
  </datafield>
  <datafield tag="147" ind1=" " ind2="1">
    <subfield code="g">c</subfield>
    <subfield code="h">b</subfield>
  </datafield>
  <datafield tag="152" ind1=" " ind2=" ">
    <subfield code="a">RDA-FR</subfield>
  </datafield>
  <datafield tag="154" ind1=" " ind2=" ">
    <subfield code="a">xb</subfield>
  </datafield>
  <datafield tag="242" ind1=" " ind2="1">
    <subfield code="3">UMLRM0156</subfield>
    <subfield code="7">ba0yba0y</subfield>
    <subfield code="8">fre###</subfield>
    <subfield code="a">Glass, Philip (1937-....)</subfield>
    <subfield code="t">Dracula</subfield>
    <subfield code="n">Musique exécutée</subfield>
    <subfield code="w">Kronos quartet</subfield>
  </datafield>
  <datafield tag="371" ind1=" " ind2=" ">
    <subfield code="f">Production phonographique : New York (New York, USA) : Nonesuch, P 1999</subfield>
  </datafield>
  <datafield tag="512" ind1="0" ind2="2">
    <subfield code="3">13904490</subfield>
    <subfield code="7">ba0yba0y</subfield>
    <subfield code="8">freeng</subfield>
    <subfield code="o">ISNI 0000 0001 2033 5359</subfield>
    <subfield code="a">The Kronos quartet</subfield>
    <subfield code="4">545</subfield>
    <subfield code="4">ost</subfield>
  </datafield>
  <datafield tag="512" ind1="0" ind2="2">
    <subfield code="3">13882567</subfield>
    <subfield code="7">ba0yba0y</subfield>
    <subfield code="8">fre###</subfield>
    <subfield code="o">ISNI 0000 0001 1543 9727</subfield>
    <subfield code="a">Nonesuch</subfield>
    <subfield code="4">630</subfield>
  </datafield>
  <datafield tag="608" ind1=" " ind2=" ">
    <subfield code="a">Musique classique occidentale</subfield>
    <subfield code="2">RépertoireRDA-FR</subfield>
  </datafield>
  <datafield tag="640" ind1="5" ind2=" ">
    <subfield code="0">Enregistrement</subfield>
    <subfield code="a">CA</subfield>
    <subfield code="d">Nicasio</subfield>
    <subfield code="e">Skywalker Sound</subfield>
    <subfield code="f">#199808###</subfield>
  </datafield>
  <datafield tag="640" ind1="0" ind2=" ">
    <subfield code="0">Date de protection</subfield>
    <subfield code="f">#1999#####</subfield>
  </datafield>
  <datafield tag="801" ind1=" " ind2="0">
    <subfield code="a">FR</subfield>
    <subfield code="b">FR-751052119</subfield>
    <subfield code="c">20221013</subfield>
  </datafield>
  <datafield tag="810" ind1=" " ind2=" ">
    <subfield code="a">Discogs : https://www.discogs.com/release/1968807-Philip-Glass-Kronos-Quartet-Dracula (2022-1013)</subfield>
  </datafield>
  <datafield tag="810" ind1=" " ind2=" ">
    <subfield code="a">Dracula / music by Philip Glass ; performed by Kronos quartet. – London : WEA Europe ; Le Blanc-Mesnil : distrib. Warner music France, 1999. – [Musique exécutée : audio]. – Nonesuch 795842</subfield>
  </datafield>
</record>