
<record format="UNIMARC" type="Authority">
  <leader>01630nx  f2200241   4500</leader>
  <controlfield tag="001">UMLRM0159</controlfield>
  <datafield tag="100" ind1=" " ind2=" ">
    <subfield code="a">20221013afrey50      ba0</subfield>
  </datafield>
  <datafield tag="101" ind1="2" ind2=" ">
    <subfield code="a">eng</subfield>
    <subfield code="a">fre</subfield>
    <subfield code="a">ita</subfield>
    <subfield code="a">spa</subfield>
    <subfield code="a">ger</subfield>
    <subfield code="c">eng</subfield>
    <subfield code="j">fre</subfield>
    <subfield code="j">eng</subfield>
    <subfield code="j">ita</subfield>
    <subfield code="j">spa</subfield>
    <subfield code="j">ger</subfield>
  </datafield>
  <datafield tag="102" ind1=" " ind2=" ">
    <subfield code="a">US</subfield>
  </datafield>
  <datafield tag="104" ind1=" " ind2=" ">
    <subfield code="a">d2013</subfield>
  </datafield>
  <datafield tag="127" ind1=" " ind2=" ">
    <subfield code="a">011500</subfield>
  </datafield>
  <datafield tag="145" ind1=" " ind2=" ">
    <subfield code="a">b</subfield>
    <subfield code="b">xa2ae</subfield>
  </datafield>
  <datafield tag="147" ind1=" " ind2=" ">
    <subfield code="a">a</subfield>
    <subfield code="e">b</subfield>
    <subfield code="h">c</subfield>
  </datafield>
  <datafield tag="152" ind1=" " ind2=" ">
    <subfield code="a">RDA-FR</subfield>
  </datafield>
  <datafield tag="154" ind1=" " ind2=" ">
    <subfield code="a">xb</subfield>
  </datafield>
  <datafield tag="232" ind1=" " ind2=" ">
    <subfield code="3">UMLRM0154</subfield>
    <subfield code="7">ba0yba0y</subfield>
    <subfield code="8">fre###</subfield>
    <subfield code="a">Dracula</subfield>
    <subfield code="c">film</subfield>
    <subfield code="d">1931</subfield>
    <subfield code="l">Version restaurée</subfield>
    <subfield code="m">Versions multiples (5 langues ; sous-titrage en 5 langues)</subfield>
  </datafield>
  <datafield tag="300" ind1=" " ind2=" ">
    <subfield code="a">Film en version originale anglaise et en versions française, italienne, allemande, espagnole, avec sous-titrage optionnel en français, anglais, allemand, italien et espagnol</subfield>
  </datafield>
  <datafield tag="371" ind1=" " ind2=" ">
    <subfield code="a">Surround (Dolby Digital 2.0)</subfield>
    <subfield code="f">Version restaurée</subfield>
  </datafield>
  <datafield tag="640" ind1="6" ind2=" ">
    <subfield code="0">Date de première publication</subfield>
    <subfield code="f">#20130917#</subfield>
  </datafield>
  <datafield tag="801" ind1=" " ind2=" ">
    <subfield code="a">FR</subfield>
    <subfield code="b">FR-751131015</subfield>
    <subfield code="c">202014#####</subfield>
  </datafield>
  <datafield tag="810" ind1=" " ind2=" ">
    <subfield code="a">Dracula / Tod Browning, [réalisateur] ; scénario de Garrett Fort ; d’après le roman de Bram Stoker et la pièce de Hamilton Deane et John L. Balderston ; Bela Lugosi, David Manners, Helen Chandler... [et autres], [acteurs]. – [Paris] : Universal StudioCanal vidéo [éditeur, distributeur], 2014 ; - [Images animées : vidéo]. - 830 098-5 (EDV 764)</subfield>
  </datafield>
  <datafield tag="810" ind1=" " ind2=" ">
    <subfield code="a">IMDB (Internet movie database) : https://www.imdb.com/title/tt0021814 (2022-10-18))</subfield>
    <subfield code="b">Date de publication de la version Blu-ray : September 17, 2013</subfield>
  </datafield>
  <datafield tag="810" ind1=" " ind2=" ">
    <subfield code="a">Servin, Javier. A Tale of Two Draculas: the history, preservation, restoration and legacy of Universal Studios’ English and Spanish language “Dracula” : https://jservin85.wordpress.com/preservation-and-restoration/restoration-of-dracula/ (2022-11-13)</subfield>
  </datafield>
</record>