
<record format="UNIMARC" type="Authority">
  <leader>01662nx  f2200349   4500</leader>
  <controlfield tag="001">UMLRM0163</controlfield>
  <datafield tag="100" ind1=" " ind2=" ">
    <subfield code="a">20221018afrey50      ba0</subfield>
  </datafield>
  <datafield tag="101" ind1="0" ind2=" ">
    <subfield code="a">spa</subfield>
  </datafield>
  <datafield tag="102" ind1=" " ind2=" ">
    <subfield code="a">US</subfield>
    <subfield code="a">ES</subfield>
  </datafield>
  <datafield tag="104" ind1=" " ind2=" ">
    <subfield code="a">d1931</subfield>
  </datafield>
  <datafield tag="125" ind1="0" ind2=" ">
    <subfield code="a">m</subfield>
  </datafield>
  <datafield tag="127" ind1="0" ind2=" ">
    <subfield code="a">014400</subfield>
  </datafield>
  <datafield tag="140" ind1=" " ind2=" ">
    <subfield code="a">ic</subfield>
    <subfield code="b">fffa</subfield>
    <subfield code="2">BnF-GenreFilm</subfield>
  </datafield>
  <datafield tag="145" ind1="0" ind2=" ">
    <subfield code="a">b</subfield>
    <subfield code="b">xa2ae</subfield>
  </datafield>
  <datafield tag="147" ind1="0" ind2=" ">
    <subfield code="a">a</subfield>
    <subfield code="e">b</subfield>
    <subfield code="h">a</subfield>
  </datafield>
  <datafield tag="152" ind1=" " ind2=" ">
    <subfield code="a">RDA-FR</subfield>
  </datafield>
  <datafield tag="154" ind1=" " ind2=" ">
    <subfield code="a">xa</subfield>
  </datafield>
  <datafield tag="231" ind1=" " ind2=" ">
    <subfield code="7">ba0yba0y</subfield>
    <subfield code="8">frespa</subfield>
    <subfield code="a">Drácula</subfield>
    <subfield code="c">film</subfield>
    <subfield code="d">1931</subfield>
    <subfield code="f">espagnol</subfield>
  </datafield>
  <datafield tag="370" ind1=" " ind2=" ">
    <subfield code="c">Adapté de la pièce de théâtre de Hamilton Deane et John L. Balderston &quot;Dracula&quot;</subfield>
  </datafield>
  <datafield tag="431" ind1=" " ind2=" ">
    <subfield code="7">ba0yba0y</subfield>
    <subfield code="8">fre###</subfield>
    <subfield code="a">Dracula</subfield>
    <subfield code="c">film</subfield>
    <subfield code="d">1931</subfield>
    <subfield code="m">Version espagnole</subfield>
  </datafield>
  <datafield tag="441" ind1=" " ind2=" ">
    <subfield code="3">14691107</subfield>
    <subfield code="o">ISNI 0000 0000 7844 0445</subfield>
    <subfield code="a">Melford, George (1877-1961)</subfield>
    <subfield code="t">Drácula</subfield>
    <subfield code="7">ba0yba0y</subfield>
    <subfield code="8">frespa</subfield>
  </datafield>
  <datafield tag="501" ind1=" " ind2="1">
    <subfield code="3">14691107</subfield>
    <subfield code="7">ba0yba0y</subfield>
    <subfield code="8">freeng</subfield>
    <subfield code="o">ISNI 0000 0000 7844 0445</subfield>
    <subfield code="a">Melford</subfield>
    <subfield code="b">George</subfield>
    <subfield code="f">1877-1961</subfield>
    <subfield code="4">300</subfield>
  </datafield>
  <datafield tag="501" ind1=" " ind2="1">
    <subfield code="7">ba0yba0y</subfield>
    <subfield code="8">frespa</subfield>
    <subfield code="a">Fernández Cué</subfield>
    <subfield code="b">Baltasar</subfield>
    <subfield code="f">1878-1966</subfield>
    <subfield code="4">690</subfield>
  </datafield>
  <datafield tag="501" ind1=" " ind2="1">
    <subfield code="7">ba0yba0y</subfield>
    <subfield code="8">frespa</subfield>
    <subfield code="o">ISNI 0000 0000 4816 7409</subfield>
    <subfield code="a">Villarías</subfield>
    <subfield code="b">Carlos</subfield>
    <subfield code="f">1892-1976</subfield>
    <subfield code="4">005</subfield>
  </datafield>
  <datafield tag="501" ind1=" " ind2="1">
    <subfield code="3">14702511</subfield>
    <subfield code="7">ba0yba0y</subfield>
    <subfield code="8">fre###</subfield>
    <subfield code="o">ISNI 0000 0003 6953 0387</subfield>
    <subfield code="a">‏Tovar‏</subfield>
    <subfield code="b">Lupita</subfield>
    <subfield code="f">1910-2016</subfield>
    <subfield code="4">005</subfield>
  </datafield>
  <datafield tag="501" ind1=" " ind2="1">
    <subfield code="7">ba0yba0y</subfield>
    <subfield code="8">fre###</subfield>
    <subfield code="a">Norton</subfield>
    <subfield code="b">Barry</subfield>
    <subfield code="f">1905-1956</subfield>
    <subfield code="4">005</subfield>
  </datafield>
  <datafield tag="531" ind1=" " ind2=" ">
    <subfield code="5">xxa</subfield>
    <subfield code="p">Est un remake de</subfield>
    <subfield code="3">UMLRM0154</subfield>
    <subfield code="a">Dracula</subfield>
    <subfield code="c">film</subfield>
    <subfield code="d">1931</subfield>
    <subfield code="7">ba0yba0y</subfield>
    <subfield code="8">fre###</subfield>
  </datafield>
  <datafield tag="541" ind1=" " ind2="1">
    <subfield code="5">xxa</subfield>
    <subfield code="p">Est une adaptation dans un autre mode de création de [œuvre]</subfield>
    <subfield code="3">UMLRM0155</subfield>
    <subfield code="7">ba0yba0y</subfield>
    <subfield code="8">fre###</subfield>
    <subfield code="a">Deane, Hamilton (1879-1958)</subfield>
    <subfield code="a">Balderston, John L. (1889-1954)</subfield>
    <subfield code="t">Dracula</subfield>
  </datafield>
  <datafield tag="541" ind1=" " ind2="1">
    <subfield code="5">xxl</subfield>
    <subfield code="3">UMLRM0004</subfield>
    <subfield code="7">ba0yba0y</subfield>
    <subfield code="8">fre###</subfield>
    <subfield code="a">Stoker</subfield>
    <subfield code="b">Bram (1847-1912)</subfield>
    <subfield code="t">Dracula</subfield>
  </datafield>
  <datafield tag="640" ind1="5" ind2=" ">
    <subfield code="0">Dates de tournage</subfield>
    <subfield code="f">#19301010#</subfield>
    <subfield code="i">#19301108#</subfield>
  </datafield>
  <datafield tag="640" ind1="6" ind2=" ">
    <subfield code="0">Date de première sortie en salle</subfield>
    <subfield code="a">ES</subfield>
    <subfield code="d">Madrid</subfield>
    <subfield code="f">#19310320#</subfield>
  </datafield>
  <datafield tag="640" ind1="6" ind2=" ">
    <subfield code="0">Date de première sortie en salle</subfield>
    <subfield code="a">US</subfield>
    <subfield code="d">New</subfield>
  </datafield>
</record>