
<record format="UNIMARC" type="Authority">
  <leader>01772nx  h2200277   4500</leader>
  <controlfield tag="001">UMLRM0164</controlfield>
  <datafield tag="100" ind1=" " ind2=" ">
    <subfield code="a">20221021afrey50      ba0</subfield>
  </datafield>
  <datafield tag="102" ind1=" " ind2=" ">
    <subfield code="a">CA</subfield>
  </datafield>
  <datafield tag="104" ind1=" " ind2=" ">
    <subfield code="a">d1998</subfield>
  </datafield>
  <datafield tag="125" ind1="0" ind2=" ">
    <subfield code="a">m</subfield>
  </datafield>
  <datafield tag="140" ind1=" " ind2=" ">
    <subfield code="a">da</subfield>
    <subfield code="b">bt </subfield>
    <subfield code="2">IAML-Formes</subfield>
  </datafield>
  <datafield tag="145" ind1="0" ind2=" ">
    <subfield code="a">c</subfield>
  </datafield>
  <datafield tag="152" ind1=" " ind2=" ">
    <subfield code="a">RDA-FR</subfield>
  </datafield>
  <datafield tag="154" ind1=" " ind2=" ">
    <subfield code="a">xa</subfield>
  </datafield>
  <datafield tag="241" ind1=" " ind2="1">
    <subfield code="a">Godden, Mark</subfield>
    <subfield code="t">Dracula</subfield>
    <subfield code="7">ba0yba0y</subfield>
    <subfield code="8">freeng</subfield>
  </datafield>
  <datafield tag="370" ind1=" " ind2=" ">
    <subfield code="c">Commande du Royal Winnipeg Ballet à l’occasion du 100e anniversaire du roman de Bram Stoker publié en 1897</subfield>
    <subfield code="c">Créé par le Royal Winnipeg Ballet en octobre 1998, et repris en 2018 (12-14 avril)</subfield>
    <subfield code="c">Adapté à l’écran en 2001 par le réalisateur Guy Maddin, sous le titre &quot;Dracula</subfield>
    <subfield code="e">pages from a virgin&apos;s diary&quot; : première diffusion du film en 2002.</subfield>
  </datafield>
  <datafield tag="501" ind1=" " ind2="1">
    <subfield code="7">ba0yba0y</subfield>
    <subfield code="8">fre###</subfield>
    <subfield code="a">Godden</subfield>
    <subfield code="b">Mark</subfield>
    <subfield code="4">200</subfield>
  </datafield>
  <datafield tag="531" ind1=" " ind2=" ">
    <subfield code="5">xxc</subfield>
    <subfield code="p">A pour adaptation dans un autre mode de création de [œuvre]</subfield>
    <subfield code="3">UMLRM0135</subfield>
    <subfield code="a">Dracula : pages from a virgin&apos;s diary</subfield>
    <subfield code="c">film</subfield>
    <subfield code="7">ba0yba0y</subfield>
    <subfield code="8">freeng</subfield>
  </datafield>
  <datafield tag="541" ind1=" " ind2="1">
    <subfield code="5">xxr</subfield>
    <subfield code="p">Utilise la musique [œuvre]</subfield>
    <subfield code="3">UMLRM0165</subfield>
    <subfield code="7">ba0yba0y</subfield>
    <subfield code="8">frefre</subfield>
    <subfield code="a">Mahler, Gustav (1860-1911)</subfield>
    <subfield code="t">Symphonies</subfield>
    <subfield code="c">Choix</subfield>
    <subfield code="k">Godden</subfield>
  </datafield>
  <datafield tag="541" ind1=" " ind2="1">
    <subfield code="5">xxl</subfield>
    <subfield code="3">UMLRM0004</subfield>
    <subfield code="7">ba0yba0y</subfield>
    <subfield code="8">freeng</subfield>
    <subfield code="a">Stoker, Bram (1847-1912)</subfield>
    <subfield code="t">Dracula</subfield>
  </datafield>
  <datafield tag="608" ind1=" " ind2=" ">
    <subfield code="3">11934698</subfield>
    <subfield code="a">Ballet</subfield>
    <subfield code="2">rameauGenre</subfield>
  </datafield>
  <datafield tag="640" ind1="6" ind2=" ">
    <subfield code="0">Première représentation (création)</subfield>
    <subfield code="p">CA</subfield>
    <subfield code="b">Manitoba</subfield>
    <subfield code="d">Winnipeg</subfield>
    <subfield code="e">Royal Winnipeg Ballet</subfield>
    <subfield code="f">#199810###</subfield>
  </datafield>
  <datafield tag="801" ind1=" " ind2="0">
    <subfield code="a">FR</subfield>
    <subfield code="b">FR-751131015</subfield>
    <subfield code="c">20221021</subfield>
  </datafield>
  <datafield tag="810" ind1=" " ind2=" ">
    <subfield code="a">Robb, Peter. The Royal Winnipeg resurrects Mark Godden’s Dracula : https://artsfile.ca/the-royal-winnipeg-resurrects-mark-goddens-dracula/ (2022-10-21)</subfield>
  </datafield>
  <datafield tag="810" ind1=" " ind2=" ">
    <subfield code="a">Pepper, Kaija. How Does Mark Godden’s Dracula Dance? : http://www.markgodden.com/pdf/DraculaReview-Kaija-Pepper.pdf (2022-10-21)</subfield>
    <subfield code="b">Date de création et musique utilisée</subfield>
  </datafield>
  <datafield tag="810" ind1=" " ind2=" ">
    <subfield code="a">Encyclopédie Canadienne : https://www.thecanadianencyclopedia.ca/fr/article/godden-mark (2022-10-21)</subfield>
  </datafield>
</record>