
<record format="UNIMARC" type="Authority">
  <leader>01593nx  h2200289   4500</leader>
  <controlfield tag="001">UMLRM0165</controlfield>
  <datafield tag="100" ind1=" " ind2=" ">
    <subfield code="a">20221021afrey50      ba0</subfield>
  </datafield>
  <datafield tag="102" ind1=" " ind2=" ">
    <subfield code="a">CA</subfield>
  </datafield>
  <datafield tag="104" ind1=" " ind2=" ">
    <subfield code="a">d1998</subfield>
  </datafield>
  <datafield tag="125" ind1="0" ind2=" ">
    <subfield code="a">m</subfield>
  </datafield>
  <datafield tag="128" ind1=" " ind2=" ">
    <subfield code="a">sy</subfield>
  </datafield>
  <datafield tag="140" ind1=" " ind2=" ">
    <subfield code="a">mu</subfield>
  </datafield>
  <datafield tag="145" ind1="0" ind2=" ">
    <subfield code="a">d</subfield>
  </datafield>
  <datafield tag="146" ind1=" " ind2=" ">
    <subfield code="a">b</subfield>
    <subfield code="d">01ofu</subfield>
  </datafield>
  <datafield tag="152" ind1=" " ind2=" ">
    <subfield code="a">RDA-FR</subfield>
  </datafield>
  <datafield tag="154" ind1=" " ind2=" ">
    <subfield code="a">xa</subfield>
  </datafield>
  <datafield tag="241" ind1=" " ind2="1">
    <subfield code="3">13896959</subfield>
    <subfield code="o">ISNI 0000 0001 2135 8915</subfield>
    <subfield code="a">Mahler, Gustav (1860-1911)</subfield>
    <subfield code="t">Symphonies</subfield>
    <subfield code="c">Choix</subfield>
    <subfield code="k">Godden</subfield>
    <subfield code="7">ba0yba0y</subfield>
    <subfield code="8">frefre</subfield>
  </datafield>
  <datafield tag="370" ind1=" " ind2=" ">
    <subfield code="a">Sélection d’extraits des symphonies n°1 “Titan”, n°2 “Résurrection” et n°9 de Gustav Mahler par le chorégraphe Mark Godden pour servir de musique à son ballet &quot;Dracula” d’après le roman de Bram Stoker</subfield>
  </datafield>
  <datafield tag="501" ind1=" " ind2="1">
    <subfield code="3">13896959</subfield>
    <subfield code="o">ISNI 0000 0001 2135 8915</subfield>
    <subfield code="7">ba0yba0y</subfield>
    <subfield code="8">fre###</subfield>
    <subfield code="a">Mahler</subfield>
    <subfield code="b">Gustav</subfield>
    <subfield code="f">1860-1911</subfield>
    <subfield code="4">230</subfield>
  </datafield>
  <datafield tag="501" ind1=" " ind2="1">
    <subfield code="7">ba0yba0y</subfield>
    <subfield code="8">fre###</subfield>
    <subfield code="a">Godden</subfield>
    <subfield code="b">Mark</subfield>
    <subfield code="4">340</subfield>
  </datafield>
  <datafield tag="531" ind1=" " ind2=" ">
    <subfield code="5">xxr</subfield>
    <subfield code="p">Musique utilisée dans [œuvre]</subfield>
    <subfield code="3">UMLRM0135</subfield>
    <subfield code="7">ba0yba0y</subfield>
    <subfield code="8">freeng</subfield>
    <subfield code="a">Dracula : pages from a virgin&apos;s diary</subfield>
    <subfield code="c">film</subfield>
  </datafield>
  <datafield tag="541" ind1=" " ind2="1">
    <subfield code="5">xxr</subfield>
    <subfield code="p">Musique utilisée dans [œuvre]</subfield>
    <subfield code="3">UMLRM0164</subfield>
    <subfield code="7">ba0yba0y</subfield>
    <subfield code="8">freeng</subfield>
    <subfield code="a">Godden, Mark</subfield>
    <subfield code="t">Dracula</subfield>
  </datafield>
  <datafield tag="640" ind1="6" ind2=" ">
    <subfield code="0">Première représentation (création)</subfield>
    <subfield code="p">CA</subfield>
    <subfield code="b">Manitoba</subfield>
    <subfield code="d">Winnipeg</subfield>
    <subfield code="e">Royal Winnipeg Ballet</subfield>
    <subfield code="f">#199810###</subfield>
  </datafield>
  <datafield tag="801" ind1=" " ind2="0">
    <subfield code="a">FR</subfield>
    <subfield code="b">FR-751131015</subfield>
    <subfield code="c">20221021</subfield>
  </datafield>
  <datafield tag="810" ind1=" " ind2=" ">
    <subfield code="a">Pepper, Kaija. How Does Mark Godden’s Dracula Dance? : http://www.markgodden.com/pdf/DraculaReview-Kaija-Pepper.pdf (2022-10-21)</subfield>
    <subfield code="b">Composition de l’agrégat</subfield>
  </datafield>
  <datafield tag="810" ind1=" " ind2=" ">
    <subfield code="a">Ciné-ressources : catalogue collectif des bibliothèques et archives de cinéma : http://www.cineressources.net (2022-10-21)</subfield>
  </datafield>
  <datafield tag="810" ind1=" " ind2=" ">
    <subfield code="a">IMDB (Internet movie database) : https://www.imdb.com/title/tt0293113/ (2022-10-21)</subfield>
  </datafield>
</record>