
<record format="UNIMARC" type="Authority">
  <leader>01052nx  f2200265   4500</leader>
  <controlfield tag="001">UMLRM0166</controlfield>
  <datafield tag="100" ind1=" " ind2=" ">
    <subfield code="a">20221021afrey50      ba0</subfield>
  </datafield>
  <datafield tag="101" ind1="2" ind2=" ">
    <subfield code="a">eng</subfield>
    <subfield code="j">fre</subfield>
  </datafield>
  <datafield tag="102" ind1=" " ind2=" ">
    <subfield code="a">FR</subfield>
  </datafield>
  <datafield tag="104" ind1=" " ind2=" ">
    <subfield code="a">d2012</subfield>
  </datafield>
  <datafield tag="125" ind1="0" ind2="0">
    <subfield code="a">m</subfield>
  </datafield>
  <datafield tag="140" ind1=" " ind2=" ">
    <subfield code="a">ic</subfield>
    <subfield code="b">fi</subfield>
    <subfield code="2">BnF-ImAnim</subfield>
  </datafield>
  <datafield tag="145" ind1="0" ind2=" ">
    <subfield code="a">b</subfield>
    <subfield code="b">xa2ae</subfield>
  </datafield>
  <datafield tag="147" ind1="0" ind2=" ">
    <subfield code="a">h</subfield>
    <subfield code="e">b</subfield>
  </datafield>
  <datafield tag="152" ind1=" " ind2=" ">
    <subfield code="a">RDA-FR</subfield>
  </datafield>
  <datafield tag="154" ind1=" " ind2=" ">
    <subfield code="a">xa</subfield>
  </datafield>
  <datafield tag="231" ind1=" " ind2=" ">
    <subfield code="a">Guy Maddin</subfield>
    <subfield code="k">ED Distribution</subfield>
    <subfield code="7">ba0yba0y</subfield>
    <subfield code="8">fre###</subfield>
  </datafield>
  <datafield tag="333" ind1=" " ind2=" ">
    <subfield code="a">Adultes, tout public</subfield>
  </datafield>
  <datafield tag="370" ind1=" " ind2=" ">
    <subfield code="a"> Coffret réunissant 4 films appartenant au début (1988-2002) de la carrière du réalisateur canadien Guy Madden, et dont 3 ont fait l’objet de publications séparées chez le même éditeur.</subfield>
  </datafield>
  <datafield tag="501" ind1=" " ind2="1">
    <subfield code="3">14117683</subfield>
    <subfield code="7">ba0yba0y</subfield>
    <subfield code="8">fre###</subfield>
    <subfield code="o">ISNI 0000 0001 1664 8619</subfield>
    <subfield code="a">Maddin</subfield>
    <subfield code="b">Guy</subfield>
    <subfield code="f">1956--....</subfield>
    <subfield code="4">300</subfield>
  </datafield>
  <datafield tag="511" ind1="2" ind2="0">
    <subfield code="3">14010888</subfield>
    <subfield code="7">ba0yba0y</subfield>
    <subfield code="8">frefre</subfield>
    <subfield code="a">ED Distribution</subfield>
    <subfield code="4">340</subfield>
  </datafield>
  <datafield tag="608" ind1=" " ind2=" ">
    <subfield code="3">16242273</subfield>
    <subfield code="a">Films de fiction</subfield>
    <subfield code="2">rameauGenre</subfield>
  </datafield>
  <datafield tag="640" ind1="6" ind2=" ">
    <subfield code="0">Date de première publication</subfield>
    <subfield code="f">#2012#####</subfield>
  </datafield>
  <datafield tag="801" ind1=" " ind2="0">
    <subfield code="a">FR</subfield>
    <subfield code="b">FR-751131015</subfield>
    <subfield code="c">20221021</subfield>
  </datafield>
  <datafield tag="810" ind1=" " ind2=" ">
    <subfield code="a">Guy Maddin. – [Paris] : ED distribution [éditeur, distributeur], [DL 2012]. – [Image animée : vidéo]</subfield>
  </datafield>
</record>