
<record format="UNIMARC" type="Authority">
  <leader>01164nx  f2200265   4500</leader>
  <controlfield tag="001">UMLRM0167</controlfield>
  <datafield tag="100" ind1=" " ind2=" ">
    <subfield code="a">20221021afrey50      ba0</subfield>
  </datafield>
  <datafield tag="101" ind1="2" ind2=" ">
    <subfield code="a">eng</subfield>
    <subfield code="j">fre</subfield>
  </datafield>
  <datafield tag="102" ind1=" " ind2=" ">
    <subfield code="a">FR</subfield>
  </datafield>
  <datafield tag="104" ind1=" " ind2=" ">
    <subfield code="a">d2012</subfield>
  </datafield>
  <datafield tag="145" ind1=" " ind2=" ">
    <subfield code="a">b</subfield>
    <subfield code="b">xa2ae</subfield>
  </datafield>
  <datafield tag="147" ind1="1" ind2=" ">
    <subfield code="a">h</subfield>
    <subfield code="e">d</subfield>
    <subfield code="h">c</subfield>
  </datafield>
  <datafield tag="147" ind1="1" ind2=" ">
    <subfield code="a">a</subfield>
    <subfield code="e">c</subfield>
    <subfield code="h">a</subfield>
  </datafield>
  <datafield tag="147" ind1="1" ind2=" ">
    <subfield code="a">g</subfield>
    <subfield code="e">c</subfield>
    <subfield code="h">a</subfield>
  </datafield>
  <datafield tag="152" ind1=" " ind2=" ">
    <subfield code="a"> RDA-FR</subfield>
  </datafield>
  <datafield tag="154" ind1=" " ind2=" ">
    <subfield code="a">xb</subfield>
  </datafield>
  <datafield tag="232" ind1=" " ind2=" ">
    <subfield code="3">UMLRM0166</subfield>
    <subfield code="7">ba0yba0y</subfield>
    <subfield code="8">fre###</subfield>
    <subfield code="a">Guy Maddin</subfield>
    <subfield code="k">ED Distribution</subfield>
    <subfield code="m">Anglais ; sous-titrage en français</subfield>
    <subfield code="n">Image animée</subfield>
  </datafield>
  <datafield tag="371" ind1=" " ind2=" ">
    <subfield code="f">Films en version originale anglaise avec sous-titrage optionnel en français</subfield>
  </datafield>
  <datafield tag="532" ind1=" " ind2=" ">
    <subfield code="5">xxp</subfield>
    <subfield code="7">ba0yba0y</subfield>
    <subfield code="8">freeng</subfield>
    <subfield code="a">Tales from the Gimli hospital</subfield>
    <subfield code="c">film</subfield>
    <subfield code="m">Anglais ; sous-titrage en français</subfield>
  </datafield>
  <datafield tag="532" ind1=" " ind2=" ">
    <subfield code="5">xxp</subfield>
    <subfield code="7">ba0yba0y</subfield>
    <subfield code="8">freeng</subfield>
    <subfield code="a">Archangel</subfield>
    <subfield code="c">film</subfield>
    <subfield code="m">Anglais ; sous-titrage en français</subfield>
  </datafield>
  <datafield tag="532" ind1=" " ind2=" ">
    <subfield code="5">xxp</subfield>
    <subfield code="7">ba0yba0y</subfield>
    <subfield code="8">freeng</subfield>
    <subfield code="a">Careful</subfield>
    <subfield code="c">film</subfield>
    <subfield code="m">Anglais ; sous-titrage en français</subfield>
  </datafield>
  <datafield tag="532" ind1=" " ind2=" ">
    <subfield code="5">xxp</subfield>
    <subfield code="3">UMLRM0136</subfield>
    <subfield code="7">ba0yba0y</subfield>
    <subfield code="8">freeng</subfield>
    <subfield code="a">Dracula : pages from a virgin&apos;s diary</subfield>
    <subfield code="c">film</subfield>
    <subfield code="m">Anglais ; sous-titrage en français</subfield>
  </datafield>
  <datafield tag="640" ind1="6" ind2=" ">
    <subfield code="0">Date de première publication</subfield>
    <subfield code="f">#2012#####</subfield>
  </datafield>
  <datafield tag="801" ind1=" " ind2="0">
    <subfield code="a">FR</subfield>
    <subfield code="b">FR-751131015</subfield>
    <subfield code="c">20221021</subfield>
  </datafield>
  <datafield tag="810" ind1=" " ind2=" ">
    <subfield code="a">Guy Maddin. – [Paris]  : ED distribution [éditeur, distributeur], [DL 2012]. – [Image animée : vidéo]</subfield>
  </datafield>
</record>