
<record format="UNIMARC" type="Authority">
  <leader>01314nx  h2200265   4500</leader>
  <controlfield tag="001">UMLRM0169</controlfield>
  <datafield tag="100" ind1=" " ind2=" ">
    <subfield code="a">20221024afrey50      ba0</subfield>
  </datafield>
  <datafield tag="101" ind1="0" ind2=" ">
    <subfield code="a">fre</subfield>
  </datafield>
  <datafield tag="102" ind1=" " ind2=" ">
    <subfield code="a">FR</subfield>
  </datafield>
  <datafield tag="104" ind1=" " ind2=" ">
    <subfield code="a">d2003</subfield>
  </datafield>
  <datafield tag="125" ind1="0" ind2=" ">
    <subfield code="a">m</subfield>
  </datafield>
  <datafield tag="140" ind1=" " ind2=" ">
    <subfield code="a">is</subfield>
    <subfield code="b">affiche</subfield>
    <subfield code="2">frTICO</subfield>
  </datafield>
  <datafield tag="145" ind1="0" ind2=" ">
    <subfield code="a">b</subfield>
    <subfield code="b">xb2e</subfield>
  </datafield>
  <datafield tag="147" ind1="0" ind2=" ">
    <subfield code="a">h</subfield>
  </datafield>
  <datafield tag="152" ind1=" " ind2=" ">
    <subfield code="a">RDA-FR</subfield>
  </datafield>
  <datafield tag="154" ind1=" " ind2=" ">
    <subfield code="a">xa</subfield>
  </datafield>
  <datafield tag="241" ind1=" " ind2="1">
    <subfield code="3">14894385</subfield>
    <subfield code="o">ISNI 0000 0000 0352 8725</subfield>
    <subfield code="a">Gauriat, Vincent</subfield>
    <subfield code="t">Dracula, pages tirées du journal d’une vierge, un film de Guy Maddin</subfield>
    <subfield code="7">ba0yba0y</subfield>
    <subfield code="8">frefre</subfield>
  </datafield>
  <datafield tag="370" ind1=" " ind2=" ">
    <subfield code="a">Grande catégorie technique : impression photomécanique</subfield>
    <subfield code="a">Genre iconographique : Scènes fantastiques</subfield>
    <subfield code="c">Affiche créée pour accompagner la diffusion en France du film de Guy Maddin (première diffusion en salle : 31 décembre 2003)</subfield>
  </datafield>
  <datafield tag="501" ind1=" " ind2="1">
    <subfield code="3">14894385</subfield>
    <subfield code="7">ba0yba0y</subfield>
    <subfield code="8">frefre</subfield>
    <subfield code="o">ISNI 0000 0000 0352 8725</subfield>
    <subfield code="a">Gauriat</subfield>
    <subfield code="b">Vincent</subfield>
    <subfield code="4">440</subfield>
  </datafield>
  <datafield tag="631" ind1=" " ind2=" ">
    <subfield code="3">UMLRM0135</subfield>
    <subfield code="7">ba0yba0y</subfield>
    <subfield code="8">freeng</subfield>
    <subfield code="a">Dracula : pages from a virgin&apos;s diary</subfield>
    <subfield code="c">film</subfield>
  </datafield>
  <datafield tag="608" ind1=" " ind2=" ">
    <subfield code="3">11980539</subfield>
    <subfield code="a">Affiches de cinéma</subfield>
    <subfield code="2">rameauForme</subfield>
  </datafield>
  <datafield tag="640" ind1="6" ind2=" ">
    <subfield code="0">Date de première publication</subfield>
    <subfield code="f">#2003#####</subfield>
  </datafield>
  <datafield tag="640" ind1="0" ind2=" ">
    <subfield code="0">Date de sortie en salle du film</subfield>
    <subfield code="a">FR</subfield>
    <subfield code="f">#20031231#</subfield>
  </datafield>
  <datafield tag="801" ind1=" " ind2="0">
    <subfield code="a">FR</subfield>
    <subfield code="b">FR-751045101</subfield>
    <subfield code="c">20221024</subfield>
  </datafield>
  <datafield tag="810" ind1=" " ind2=" ">
    <subfield code="a">Dracula, pages tirées du journal d’une vierge, un film de Guy Maddin. – [Paris] : ED distribution, [2003] (Aubervilliers : Imprimerie Karcher). – [Texte noté. Image fixe : sans médiation]</subfield>
  </datafield>
</record>