
<record format="UNIMARC" type="Authority">
  <leader>00749nx  h2200193   4500</leader>
  <controlfield tag="001">UMLRM0170</controlfield>
  <datafield tag="100" ind1=" " ind2=" ">
    <subfield code="a">20221024afrey50      ba0</subfield>
  </datafield>
  <datafield tag="101" ind1="0" ind2=" ">
    <subfield code="a">fre</subfield>
  </datafield>
  <datafield tag="102" ind1=" " ind2=" ">
    <subfield code="a">FR</subfield>
  </datafield>
  <datafield tag="104" ind1=" " ind2=" ">
    <subfield code="a">d2003</subfield>
  </datafield>
  <datafield tag="145" ind1="0" ind2=" ">
    <subfield code="a">b</subfield>
    <subfield code="b">xb2e</subfield>
  </datafield>
  <datafield tag="147" ind1="0" ind2=" ">
    <subfield code="a">h</subfield>
    <subfield code="c">g</subfield>
    <subfield code="c">i</subfield>
    <subfield code="c">j</subfield>
  </datafield>
  <datafield tag="152" ind1=" " ind2=" ">
    <subfield code="a">RDA-FR</subfield>
  </datafield>
  <datafield tag="154" ind1=" " ind2=" ">
    <subfield code="a">xb</subfield>
  </datafield>
  <datafield tag="242" ind1=" " ind2="1">
    <subfield code="3">UMLRM0169</subfield>
    <subfield code="a">Gauriat, Vincent</subfield>
    <subfield code="t">Dracula, pages tirées du journal d’une vierge, un film de Guy Maddin</subfield>
    <subfield code="n">Image fixe</subfield>
    <subfield code="7">ba0yba0y</subfield>
    <subfield code="8">frefre</subfield>
  </datafield>
  <datafield tag="371" ind1=" " ind2=" ">
    <subfield code="f">Technique utilisée : offset</subfield>
  </datafield>
  <datafield tag="640" ind1="6" ind2=" ">
    <subfield code="0">Date de première publication</subfield>
    <subfield code="f">#2003#####</subfield>
  </datafield>
  <datafield tag="801" ind1=" " ind2="0">
    <subfield code="a">FR</subfield>
    <subfield code="b">FR-751045101</subfield>
    <subfield code="c">20221024</subfield>
  </datafield>
  <datafield tag="810" ind1=" " ind2=" ">
    <subfield code="a">Dracula, pages tirées du journal d’une vierge, un film de Guy Maddin. – [Paris] : ED distribution, [2003] (Aubervilliers : Imprimerie Karcher). – [Texte noté. Image fixe : sans médiation]</subfield>
  </datafield>
</record>