
<record format="UNIMARC" type="Authority">
  <leader>01458nx  f2200313   4500</leader>
  <controlfield tag="001">UMLRM0174</controlfield>
  <datafield tag="100" ind1=" " ind2=" ">
    <subfield code="a">20221029afrey50      ba0</subfield>
  </datafield>
  <datafield tag="102" ind1=" " ind2=" ">
    <subfield code="a">FR</subfield>
  </datafield>
  <datafield tag="104" ind1=" " ind2=" ">
    <subfield code="a">d2013</subfield>
  </datafield>
  <datafield tag="125" ind1="0" ind2="0">
    <subfield code="a">m</subfield>
  </datafield>
  <datafield tag="140" ind1=" " ind2=" ">
    <subfield code="a">ic</subfield>
    <subfield code="b">fi</subfield>
    <subfield code="2">BnF-ImAnim</subfield>
  </datafield>
  <datafield tag="145" ind1="0" ind2=" ">
    <subfield code="a">b</subfield>
    <subfield code="b">xa2ae</subfield>
  </datafield>
  <datafield tag="147" ind1="0" ind2=" ">
    <subfield code="a">h</subfield>
    <subfield code="e">b</subfield>
  </datafield>
  <datafield tag="152" ind1=" " ind2=" ">
    <subfield code="a">RDA-FR</subfield>
  </datafield>
  <datafield tag="154" ind1=" " ind2=" ">
    <subfield code="a">xa</subfield>
  </datafield>
  <datafield tag="231" ind1=" " ind2=" ">
    <subfield code="7">ba0yba0y</subfield>
    <subfield code="8">frefre</subfield>
    <subfield code="a">Les grands classiques du cinéma allemand</subfield>
    <subfield code="k">RDM vidéo</subfield>
  </datafield>
  <datafield tag="333" ind1=" " ind2=" ">
    <subfield code="a">Adultes, tout public</subfield>
  </datafield>
  <datafield tag="370" ind1=" " ind2=" ">
    <subfield code="a"> Coffret réunissant 6 films appartenant au cinéma expressionniste allemand, et dont 5 ont fait l’objet de publications séparées chez le même éditeur.</subfield>
  </datafield>
  <datafield tag="501" ind1=" " ind2="1">
    <subfield code="3">11917269</subfield>
    <subfield code="7">ba0yba0y</subfield>
    <subfield code="8">freger</subfield>
    <subfield code="o">ISNI0000000122764261</subfield>
    <subfield code="a">Murnau</subfield>
    <subfield code="b">Friedrich Wilhelm</subfield>
    <subfield code="f">1888-1931</subfield>
    <subfield code="4">300</subfield>
  </datafield>
  <datafield tag="501" ind1=" " ind2="1">
    <subfield code="3">12117839</subfield>
    <subfield code="7">ba0yba0y</subfield>
    <subfield code="8">freger</subfield>
    <subfield code="o">ISNI0000000121215105</subfield>
    <subfield code="a">Lang</subfield>
    <subfield code="b">Fritz</subfield>
    <subfield code="f">1890-1976</subfield>
    <subfield code="4">300</subfield>
  </datafield>
  <datafield tag="501" ind1=" " ind2="1">
    <subfield code="3">15106528</subfield>
    <subfield code="7">ba0yba0y</subfield>
    <subfield code="8">fre###</subfield>
    <subfield code="o">ISNI0000000120371616</subfield>
    <subfield code="a">Wegener</subfield>
    <subfield code="b">Paul</subfield>
    <subfield code="f">1874-1948</subfield>
    <subfield code="4">300</subfield>
  </datafield>
  <datafield tag="501" ind1=" " ind2="1">
    <subfield code="3">13576249</subfield>
    <subfield code="7">ba0yba0y</subfield>
    <subfield code="8">fre###</subfield>
    <subfield code="o">ISNI0000000355696677</subfield>
    <subfield code="a">Wiene</subfield>
    <subfield code="b">Robert</subfield>
    <subfield code="f">1881-1938</subfield>
    <subfield code="4">300</subfield>
  </datafield>
  <datafield tag="511" ind1="2" ind2="0">
    <subfield code="7">ba0yba0y</subfield>
    <subfield code="8">frefre</subfield>
    <subfield code="a">RDM Vidéo</subfield>
    <subfield code="4">340</subfield>
  </datafield>
  <datafield tag="606" ind1=" " ind2=" ">
    <subfield code="3">12113861</subfield>
    <subfield code="a">Expressionnisme (cinéma)</subfield>
    <subfield code="3">11949819</subfield>
    <subfield code="y">Allemagne</subfield>
    <subfield code="z">1918-1945</subfield>
  </datafield>
  <datafield tag="608" ind1=" " ind2=" ">
    <subfield code="3">11934772</subfield>
    <subfield code="a">Anthologies</subfield>
    <subfield code="2">rameauForme</subfield>
  </datafield>
  <datafield tag="608" ind1=" " ind2=" ">
    <subfield code="3">16242273</subfield>
    <subfield code="a">Films de fiction</subfield>
    <subfield code="2">rameauGenre</subfield>
  </datafield>
  <datafield tag="640" ind1="6" ind2=" ">
    <subfield code="0">Date de première publication</subfield>
    <subfield code="f">#2013#####</subfield>
  </datafield>
  <datafield tag="801" ind1=" " ind2="0">
    <subfield code="a">FR</subfield>
    <subfield code="b">FR-751131015</subfield>
    <subfield code="c">20221029</subfield>
  </datafield>
  <datafield tag="810" ind1=" " ind2=" ">
    <subfield code="a">Les grands classiques du cinéma allemand. – [Sannois] : RDM vidéo [éditeur, distributeur], [DL 2013]. – [Image animée : vidéo]</subfield>
  </datafield>
</record>