
<record format="UNIMARC" type="Authority">
  <leader>01553nx  f2200301   4500</leader>
  <controlfield tag="001">UMLRM0175</controlfield>
  <datafield tag="100" ind1=" " ind2=" ">
    <subfield code="a">20221029afrey50      ba0</subfield>
  </datafield>
  <datafield tag="101" ind1="2" ind2=" ">
    <subfield code="a">ger</subfield>
    <subfield code="a">fre</subfield>
    <subfield code="a">eng</subfield>
    <subfield code="c">ger</subfield>
    <subfield code="j">fre</subfield>
  </datafield>
  <datafield tag="102" ind1=" " ind2=" ">
    <subfield code="a">FR</subfield>
  </datafield>
  <datafield tag="104" ind1=" " ind2=" ">
    <subfield code="a">d2013</subfield>
  </datafield>
  <datafield tag="127" ind1=" " ind2=" ">
    <subfield code="a">1130</subfield>
  </datafield>
  <datafield tag="145" ind1=" " ind2=" ">
    <subfield code="a">b</subfield>
    <subfield code="b">xa2ae</subfield>
  </datafield>
  <datafield tag="147" ind1=" " ind2=" ">
    <subfield code="a">a</subfield>
    <subfield code="e">d</subfield>
    <subfield code="h">a</subfield>
  </datafield>
  <datafield tag="147" ind1="1" ind2=" ">
    <subfield code="a">h</subfield>
    <subfield code="e">c</subfield>
    <subfield code="h">b</subfield>
  </datafield>
  <datafield tag="147" ind1="1" ind2=" ">
    <subfield code="a">g</subfield>
    <subfield code="e">d</subfield>
    <subfield code="h">u</subfield>
  </datafield>
  <datafield tag="147" ind1="1" ind2=" ">
    <subfield code="a">e</subfield>
    <subfield code="e">d</subfield>
    <subfield code="h">b</subfield>
  </datafield>
  <datafield tag="152" ind1=" " ind2=" ">
    <subfield code="a"> RDA-FR</subfield>
  </datafield>
  <datafield tag="154" ind1=" " ind2=" ">
    <subfield code="a">xb</subfield>
  </datafield>
  <datafield tag="232" ind1=" " ind2=" ">
    <subfield code="3">UMLRM0174</subfield>
    <subfield code="7">ba0yba0y</subfield>
    <subfield code="8">frefre</subfield>
    <subfield code="a">Les grands classiques du cinéma allemand</subfield>
    <subfield code="k">RDM vidéo</subfield>
    <subfield code="m">Anglais, allemand, français ; sous-titrage en français</subfield>
    <subfield code="n">Image animée</subfield>
  </datafield>
  <datafield tag="532" ind1=" " ind2=" ">
    <subfield code="5">xxp</subfield>
    <subfield code="3">UMLRM0002</subfield>
    <subfield code="7">ba0yba0y</subfield>
    <subfield code="8">freger</subfield>
    <subfield code="t">Nosferatu, eine Symphonie des Grauens</subfield>
    <subfield code="c">film</subfield>
    <subfield code="l">Version restaurée</subfield>
    <subfield code="o">1995</subfield>
    <subfield code="w">60mn</subfield>
    <subfield code="m">Français</subfield>
  </datafield>
  <datafield tag="532" ind1=" " ind2=" ">
    <subfield code="5">xxp</subfield>
    <subfield code="7">ba0yba0y</subfield>
    <subfield code="8">freger</subfield>
    <subfield code="a">Der Golem wie er in die Welt kam</subfield>
    <subfield code="c">film</subfield>
    <subfield code="l">Version restaurée</subfield>
    <subfield code="o">2002</subfield>
    <subfield code="m">Anglais-français</subfield>
  </datafield>
  <datafield tag="532" ind1=" " ind2=" ">
    <subfield code="5">xxp</subfield>
    <subfield code="7">ba0yba0y</subfield>
    <subfield code="8">freger</subfield>
    <subfield code="a">M</subfield>
    <subfield code="c">film</subfield>
    <subfield code="l">Version restaurée</subfield>
    <subfield code="o">2003</subfield>
    <subfield code="m">Allemand ; sous-titrage en français</subfield>
  </datafield>
  <datafield tag="532" ind1=" " ind2=" ">
    <subfield code="5">xxp</subfield>
    <subfield code="7">ba0yba0y</subfield>
    <subfield code="8">freger</subfield>
    <subfield code="a">Das Cabinet des Dr. Caligari</subfield>
    <subfield code="c">film</subfield>
    <subfield code="l">Version teintée</subfield>
    <subfield code="o">1994</subfield>
    <subfield code="m">Allemand ; sous-titrage en français</subfield>
  </datafield>
  <datafield tag="532" ind1=" " ind2=" ">
    <subfield code="5">xxp</subfield>
    <subfield code="7">ba0yba0y</subfield>
    <subfield code="8">freger</subfield>
    <subfield code="a">Dr. Mabuse der Spieler</subfield>
    <subfield code="c">film</subfield>
    <subfield code="l">Version teintée</subfield>
    <subfield code="o">2000</subfield>
    <subfield code="m">Allemand ; sous-titrage en français</subfield>
  </datafield>
  <datafield tag="532" ind1=" " ind2=" ">
    <subfield code="5">xxp</subfield>
    <subfield code="7">ba0yba0y</subfield>
    <subfield code="8">freger</subfield>
    <subfield code="a">Faust, eine deutsche Volkssage</subfield>
    <subfield code="c">film</subfield>
    <subfield code="l">Version sépia</subfield>
    <subfield code="o">2002</subfield>
    <subfield code="m">Allemand ; sous-titrage en français</subfield>
  </datafield>
  <datafield tag="640" ind1="6" ind2=" ">
    <subfield code="0">Date de première publication</subfield>
    <subfield code="f">#2013#####</subfield>
  </datafield>
  <datafield tag="801" ind1=" " ind2="0">
    <subfield code="a">FR</subfield>
    <subfield code="b">FR-751131015</subfield>
    <subfield code="c">20221029</subfield>
  </datafield>
  <datafield tag="810" ind1=" " ind2=" ">
    <subfield code="a">Les grands classiques du cinéma allemand. – [Sannois] : RDM vidéo [éditeur, distributeur], [DL 2013]. – [Image animée : vidéo]</subfield>
  </datafield>
</record>