
<record format="UNIMARC" type="Authority">
  <leader>01022nx  f2200217   4500</leader>
  <controlfield tag="001">UMLRM0181</controlfield>
  <datafield tag="100" ind1=" " ind2=" ">
    <subfield code="a">20221104afrey50      ba0</subfield>
  </datafield>
  <datafield tag="101" ind1="1" ind2=" ">
    <subfield code="a">fre</subfield>
    <subfield code="c">eng</subfield>
  </datafield>
  <datafield tag="102" ind1=" " ind2=" ">
    <subfield code="a">FR</subfield>
  </datafield>
  <datafield tag="104" ind1=" " ind2=" ">
    <subfield code="a">d1969</subfield>
  </datafield>
  <datafield tag="105" ind1=" " ind2=" ">
    <subfield code="a">ba</subfield>
  </datafield>
  <datafield tag="145" ind1="0" ind2=" ">
    <subfield code="a">b</subfield>
    <subfield code="b">xa2ae</subfield>
  </datafield>
  <datafield tag="147" ind1="0" ind2=" ">
    <subfield code="a">g</subfield>
    <subfield code="e">c</subfield>
    <subfield code="g">d</subfield>
    <subfield code="h">a</subfield>
  </datafield>
  <datafield tag="152" ind1=" " ind2=" ">
    <subfield code="a">RDA-FR</subfield>
  </datafield>
  <datafield tag="154" ind1=" " ind2=" ">
    <subfield code="a">xb</subfield>
  </datafield>
  <datafield tag="232" ind1=" " ind2=" ">
    <subfield code="3">UMLRM0105</subfield>
    <subfield code="7">ba0yba0y</subfield>
    <subfield code="8">fre</subfield>
    <subfield code="a">Dracula has risen from the grave</subfield>
    <subfield code="c">film</subfield>
    <subfield code="m">Français</subfield>
  </datafield>
  <datafield tag="371" ind1=" " ind2=" ">
    <subfield code="f">Version doublée en français</subfield>
  </datafield>
  <datafield tag="640" ind1="6" ind2=" ">
    <subfield code="a">FR</subfield>
    <subfield code="f">#19690606#</subfield>
  </datafield>
  <datafield tag="801" ind1=" " ind2=" ">
    <subfield code="a">FR</subfield>
    <subfield code="b">FR-751131015</subfield>
    <subfield code="c">20221104</subfield>
  </datafield>
  <datafield tag="810" ind1=" " ind2=" ">
    <subfield code="a">IMDB (Internet movie database) : https://www.imdb.com/title/tt0062909 (2022-11-04)</subfield>
    <subfield code="b">Date de sortie du film en France</subfield>
  </datafield>
  <datafield tag="810" ind1=" " ind2=" ">
    <subfield code="a">Dracula et les femmes = Dracula has risen from the grave‎ / avec Christopher Lee, Rupert Davies ; [réalisation Freddie Francis] ; [scénario de John Elder d’après l’œuvre de Bram Stoker] ; [musique de James Bernard] ; une production Hammer film. – [Paris] : Warner home video France [éditeur] ; Paris : Warner home video France [distributeur], DL 1985. – [Image animée : video]</subfield>
  </datafield>
</record>