
<record format="UNIMARC" type="Authority">
  <leader>01538cx  h2200301   4500</leader>
  <controlfield tag="001">UMLRM0187</controlfield>
  <datafield tag="100" ind1=" " ind2=" ">
    <subfield code="a"> 20221110d2009 u y0frey50 ba</subfield>
  </datafield>
  <datafield tag="101" ind1="1" ind2=" ">
    <subfield code="a">fre</subfield>
    <subfield code="c">eng</subfield>
  </datafield>
  <datafield tag="102" ind1=" " ind2=" ">
    <subfield code="a">FR</subfield>
  </datafield>
  <datafield tag="104" ind1=" " ind2=" ">
    <subfield code="a">d2009</subfield>
  </datafield>
  <datafield tag="127" ind1=" " ind2=" ">
    <subfield code="a">1550</subfield>
  </datafield>
  <datafield tag="145" ind1=" " ind2=" ">
    <subfield code="a">h</subfield>
    <subfield code="b">xxxa</subfield>
  </datafield>
  <datafield tag="152" ind1=" " ind2=" ">
    <subfield code="a"> RDA-FR</subfield>
  </datafield>
  <datafield tag="154" ind1=" " ind2=" ">
    <subfield code="a">xb</subfield>
  </datafield>
  <datafield tag="242" ind1=" " ind2="1">
    <subfield code="3">UMLRM0004</subfield>
    <subfield code="7">ba0yba0y</subfield>
    <subfield code="8">freeng</subfield>
    <subfield code="a">Stoker, Bram (1847-1912)</subfield>
    <subfield code="t">Dracula</subfield>
    <subfield code="m">Français</subfield>
    <subfield code="n">Parole énoncée</subfield>
  </datafield>
  <datafield tag="502" ind1=" " ind2="1">
    <subfield code="3">14223639</subfield>
    <subfield code="7">ba0yba0y</subfield>
    <subfield code="8">frefre</subfield>
    <subfield code="o">ISNI 0000 0000 6023 2891</subfield>
    <subfield code="a">Saint-Père</subfield>
    <subfield code="b">Arnaud</subfield>
    <subfield code="4">550</subfield>
    <subfield code="4">vre</subfield>
  </datafield>
  <datafield tag="502" ind1=" " ind2="1">
    <subfield code="3">14179272</subfield>
    <subfield code="7">ba0yba0y</subfield>
    <subfield code="8">frefre</subfield>
    <subfield code="a">Fuchs</subfield>
    <subfield code="b">Arnaud-Didier</subfield>
    <subfield code="4">550</subfield>
    <subfield code="4">vre</subfield>
  </datafield>
  <datafield tag="502" ind1=" " ind2="1">
    <subfield code="3">13938299</subfield>
    <subfield code="7">ba0yba0y</subfield>
    <subfield code="8">frefre</subfield>
    <subfield code="a">Hérisson</subfield>
    <subfield code="b">Philippe</subfield>
    <subfield code="4">550</subfield>
    <subfield code="4">vre</subfield>
  </datafield>
  <datafield tag="502" ind1=" " ind2="1">
    <subfield code="3">14171340</subfield>
    <subfield code="7">ba0yba0y</subfield>
    <subfield code="8">frefre</subfield>
    <subfield code="o">ISNI 0000 0000 7272 7189</subfield>
    <subfield code="a">Dessaux</subfield>
    <subfield code="b">Alexis</subfield>
    <subfield code="f">1961-....</subfield>
    <subfield code="4">550</subfield>
    <subfield code="4">vre</subfield>
  </datafield>
  <datafield tag="502" ind1=" " ind2="1">
    <subfield code="3">14179539</subfield>
    <subfield code="7">ba0yba0y</subfield>
    <subfield code="8">frefre</subfield>
    <subfield code="o">ISNI 0000 0000 0112 3548</subfield>
    <subfield code="a">Gaber</subfield>
    <subfield code="b">Floriane</subfield>
    <subfield code="f">1962-....</subfield>
    <subfield code="4">550</subfield>
    <subfield code="4">vre</subfield>
  </datafield>
  <datafield tag="502" ind1=" " ind2="1">
    <subfield code="3">13939901</subfield>
    <subfield code="7">ba0yba0y</subfield>
    <subfield code="8">frefre</subfield>
    <subfield code="a">Leclerc</subfield>
    <subfield code="b">Thierry</subfield>
    <subfield code="4">550</subfield>
    <subfield code="4">vre</subfield>
  </datafield>
  <datafield tag="502" ind1=" " ind2="1">
    <subfield code="3">14029412</subfield>
    <subfield code="7">ba0yba0y</subfield>
    <subfield code="8">frefre</subfield>
    <subfield code="o">ISNI 0000 0000 0137 1437</subfield>
    <subfield code="a">Pitaressi</subfield>
    <subfield code="b">Maria</subfield>
    <subfield code="4">550</subfield>
    <subfield code="4">vre</subfield>
  </datafield>
  <datafield tag="502" ind1=" " ind2="1">
    <subfield code="3">14173479</subfield>
    <subfield code="7">ba0yba0y</subfield>
    <subfield code="8">frefre</subfield>
    <subfield code="a">Duchiron</subfield>
    <subfield code="b">Marie-Laetitia</subfield>
    <subfield code="4">550</subfield>
    <subfield code="4">vre</subfield>
  </datafield>
  <datafield tag="502" ind1=" " ind2="1">
    <subfield code="3">13938294</subfield>
    <subfield code="7">ba0yba0y</subfield>
    <subfield code="8">frefre</subfield>
    <subfield code="o">ISNI 0000 0000 0146 0261</subfield>
    <subfield code="a">Rey</subfield>
    <subfield code="b">Jean Claude</subfield>
    <subfield code="f">19..-....</subfield>
    <subfield code="c">acteur</subfield>
    <subfield code="4">550</subfield>
    <subfield code="4">vre</subfield>
  </datafield>
  <datafield tag="502" ind1=" " ind2="1">
    <subfield code="3">13930210</subfield>
    <subfield code="7">ba0yba0y</subfield>
    <subfield code="8">frefre</subfield>
    <subfield code="a">Val</subfield>
    <subfield code="b">Pierre</subfield>
    <subfield code="4">550</subfield>
    <subfield code="4">vre</subfield>
  </datafield>
  <datafield tag="640" ind1="6" ind2=" ">
    <subfield code="0">Date de première publication</subfield>
    <subfield code="f">#2009#####</subfield>
  </datafield>
  <datafield tag="801" ind1=" " ind2="0">
    <subfield code="a">FR</subfield>
    <subfield code="b">BnF</subfield>
    <subfield code="c">20221110</subfield>
  </datafield>
  <datafield tag="810" ind1=" " ind2=" ">
    <subfield code="a">Dracula : texte intégral / Bram Stoker ; interprété par Philippe Hérisson, Pierre Val, Jean-Claude Rey... [et autres]. –Paris : Livraphone, DL 2009. – [Enregistrement sonore]</subfield>
  </datafield>
</record>