
<record format="UNIMARC" type="Authority">
  <leader>01289cx  f2200229   4500</leader>
  <controlfield tag="001">UMLRM0189</controlfield>
  <controlfield tag="005">20221004####.D</controlfield>
  <datafield tag="100" ind1=" " ind2=" ">
    <subfield code="a">20221004afrey50      ba0</subfield>
  </datafield>
  <datafield tag="101" ind1="2" ind2=" ">
    <subfield code="a">eng</subfield>
    <subfield code="j">fre</subfield>
  </datafield>
  <datafield tag="102" ind1=" " ind2=" ">
    <subfield code="a">FR</subfield>
  </datafield>
  <datafield tag="104" ind1=" " ind2=" ">
    <subfield code="a">d2009</subfield>
  </datafield>
  <datafield tag="105" ind1=" " ind2=" ">
    <subfield code="a">ba</subfield>
  </datafield>
  <datafield tag="127" ind1=" " ind2=" ">
    <subfield code="a">012700</subfield>
  </datafield>
  <datafield tag="145" ind1=" " ind2=" ">
    <subfield code="a">b</subfield>
    <subfield code="b">xa2ae</subfield>
  </datafield>
  <datafield tag="147" ind1="1" ind2=" ">
    <subfield code="a">g</subfield>
    <subfield code="e">c</subfield>
    <subfield code="h">c</subfield>
  </datafield>
  <datafield tag="152" ind1=" " ind2=" ">
    <subfield code="a"> RDA-FR</subfield>
  </datafield>
  <datafield tag="154" ind1=" " ind2=" ">
    <subfield code="a">xb</subfield>
  </datafield>
  <datafield tag="232" ind1=" " ind2=" ">
    <subfield code="3">UMLRM0120</subfield>
    <subfield code="7">ba0yba0y</subfield>
    <subfield code="8">freeng</subfield>
    <subfield code="a">Dracula, dead and loving it</subfield>
    <subfield code="c">film</subfield>
    <subfield code="m">Anglais ; sous-titrage optionnel en français</subfield>
    <subfield code="o">2009</subfield>
  </datafield>
  <datafield tag="371" ind1=" " ind2=" ">
    <subfield code="a">Encodage du son : Dolby surround 2.0</subfield>
    <subfield code="f">Version remastérisée : nouveau master numérique haute définition</subfield>
    <subfield code="f">Sous-titrage optionnel en français</subfield>
    <subfield code="f">Copyright : Gaumont vidéo, 2009</subfield>
  </datafield>
  <datafield tag="640" ind1="0" ind2=" ">
    <subfield code="0">Date de copyright</subfield>
    <subfield code="f">#2009#####</subfield>
  </datafield>
  <datafield tag="801" ind1=" " ind2="0">
    <subfield code="a">FR</subfield>
    <subfield code="b">FR-751052119</subfield>
    <subfield code="c">20221004</subfield>
  </datafield>
  <datafield tag="810" ind1=" " ind2=" ">
    <subfield code="a"> Dracula, mort et heureux de l&apos;être = Dracula dead and loving it / un film de Mel Brooks ; Leslie Nielsen, Peter MacNicol, Steven Weber... [et autres], [acteurs] ; musique, Hummie Mann ; histoire de Rudy De Luca &amp; Steve Haberman ; scénario de Mel Brooks &amp; Rudy De Luca &amp; Steve Haberman ; produit et réalisé par Mel Brooks. – Neuilly-sur-Seine : Gaumont vidéo [éditeur] ; Boulogne-Billancourt : Paramount home entertainment France [distributeur], 2009. – [Image animée : vidéo]. – Référence commerciale : FG 315 880 (EDV 1504)</subfield>
  </datafield>
</record>