
<record format="UNIMARC" type="Authority">
  <leader>01862nx  f2200301   4500</leader>
  <controlfield tag="001">UMLRM0194</controlfield>
  <datafield tag="100" ind1=" " ind2=" ">
    <subfield code="a">20221114afrey50      ba0</subfield>
  </datafield>
  <datafield tag="101" ind1="0" ind2=" ">
    <subfield code="a">eng</subfield>
  </datafield>
  <datafield tag="102" ind1=" " ind2=" ">
    <subfield code="a">US</subfield>
  </datafield>
  <datafield tag="104" ind1=" " ind2=" ">
    <subfield code="a">d1938</subfield>
  </datafield>
  <datafield tag="125" ind1="0" ind2=" ">
    <subfield code="a">m</subfield>
  </datafield>
  <datafield tag="140" ind1=" " ind2=" ">
    <subfield code="a">te</subfield>
    <subfield code="b">thrad</subfield>
    <subfield code="2">BnF-GenreLitt</subfield>
  </datafield>
  <datafield tag="140" ind1=" " ind2=" ">
    <subfield code="a">te</subfield>
    <subfield code="b">sr</subfield>
    <subfield code="2">BnF-ImAnim</subfield>
  </datafield>
  <datafield tag="145" ind1="0" ind2=" ">
    <subfield code="a">h</subfield>
    <subfield code="b">xxxa</subfield>
  </datafield>
  <datafield tag="152" ind1=" " ind2=" ">
    <subfield code="a">RDA-FR</subfield>
  </datafield>
  <datafield tag="154" ind1=" " ind2=" ">
    <subfield code="a">xa</subfield>
  </datafield>
  <datafield tag="231" ind1=" " ind2=" ">
    <subfield code="a">The Mercury theatre on the air</subfield>
    <subfield code="c">série radiophonique</subfield>
    <subfield code="7">ba0yba0y</subfield>
    <subfield code="8">freeng</subfield>
  </datafield>
  <datafield tag="370" ind1=" " ind2=" ">
    <subfield code="a">Série de théâtre radiophonique sur une idée originale de Orson Welles, diffusée par CBS radio.</subfield>
    <subfield code="c">La série a compté 22 émissions d’une heure, du 11 juillet 1938 au 4 décembre de la même année, toutes présentées par Orson Welles et interprétées par la compagnie du Mercury Theatre, avec des musiques de Bernard Herrmann.</subfield>
  </datafield>
  <datafield tag="501" ind1=" " ind2="1">
    <subfield code="3">11929051</subfield>
    <subfield code="7">ba0yba0y</subfield>
    <subfield code="8">freeng</subfield>
    <subfield code="o">ISNI 0000 0001 2096 8527</subfield>
    <subfield code="a">Welles</subfield>
    <subfield code="b">Orson</subfield>
    <subfield code="f">1915-1985</subfield>
    <subfield code="4">550</subfield>
    <subfield code="4">300</subfield>
  </datafield>
  <datafield tag="501" ind1=" " ind2="1">
    <subfield code="3">13895169</subfield>
    <subfield code="7">ba0yba0y</subfield>
    <subfield code="8">fre###</subfield>
    <subfield code="o">ISNI 0000 0001 2121 0662</subfield>
    <subfield code="a">Herrmann</subfield>
    <subfield code="b">Bernard</subfield>
    <subfield code="f">1911-1975</subfield>
    <subfield code="4">230</subfield>
  </datafield>
  <datafield tag="511" ind1="0" ind2="2">
    <subfield code="a">Mercury Acting Company</subfield>
    <subfield code="c">New York (New York, États-Unis)</subfield>
    <subfield code="4">550</subfield>
  </datafield>
  <datafield tag="511" ind1="0" ind2="2">
    <subfield code="3">11941628</subfield>
    <subfield code="7">ba0yba0y</subfield>
    <subfield code="8">freeng</subfield>
    <subfield code="a">Columbia broadcasting system</subfield>
    <subfield code="4">665</subfield>
  </datafield>
  <datafield tag="531" ind1=" " ind2=" ">
    <subfield code="5">xxe</subfield>
    <subfield code="3">UMLRM0191</subfield>
    <subfield code="7">ba0yba0y</subfield>
    <subfield code="8">freeng</subfield>
    <subfield code="a">Dracula</subfield>
    <subfield code="c">émission radiophonique</subfield>
    <subfield code="d">1938</subfield>
  </datafield>
  <datafield tag="608" ind1=" " ind2=" ">
    <subfield code="3">11975086</subfield>
    <subfield code="a">Théâtre radiophonique</subfield>
    <subfield code="2">rameauGenre</subfield>
  </datafield>
  <datafield tag="640" ind1="6" ind2=" ">
    <subfield code="a">US</subfield>
    <subfield code="e">CBS radio</subfield>
    <subfield code="f">#19380711#</subfield>
    <subfield code="i">#19381204#</subfield>
  </datafield>
  <datafield tag="801" ind1=" " ind2=" ">
    <subfield code="a">FR</subfield>
    <subfield code="b">FR-751131015</subfield>
    <subfield code="c">20221114</subfield>
  </datafield>
  <datafield tag="810" ind1=" " ind2=" ">
    <subfield code="a"> Dracula : original radio adaptation as heard on the Mercury theatre on the air / starring Orson Welles ; based on the novel by Bram Stoker ; adapted for radio by Orson Welles and John Houseman ; performed by Orson Welles, Martin Gabel, George Coulouris... [et autres]. – Schiller park (Illinois) : Radio spirits, P 2001. – [Parole énoncée : audio]. – 7031 (Radio spirits)</subfield>
  </datafield>
  <datafield tag="810" ind1=" " ind2=" ">
    <subfield code="a">Wikipédia : https://en.wikipedia.org/wiki/The_Mercury_Theatre_on_the_Air (2022-11-14)</subfield>
  </datafield>
</record>