
<record format="UNIMARC" type="Authority">
  <leader>01135nx  h2200289   4500</leader>
  <controlfield tag="001">UMLRM0195</controlfield>
  <datafield tag="100" ind1=" " ind2=" ">
    <subfield code="a">20221116afrey50      ba0</subfield>
  </datafield>
  <datafield tag="101" ind1="0" ind2=" ">
    <subfield code="a">fre</subfield>
  </datafield>
  <datafield tag="102" ind1=" " ind2=" ">
    <subfield code="a">BE</subfield>
  </datafield>
  <datafield tag="104" ind1=" " ind2=" ">
    <subfield code="a">d1986</subfield>
  </datafield>
  <datafield tag="125" ind1="0" ind2="0">
    <subfield code="a">m</subfield>
  </datafield>
  <datafield tag="140" ind1=" " ind2=" ">
    <subfield code="a">te</subfield>
    <subfield code="b">bibli</subfield>
    <subfield code="2">BnF-FonctTexMix</subfield>
  </datafield>
  <datafield tag="140" ind1=" " ind2=" ">
    <subfield code="a">te</subfield>
    <subfield code="b">a</subfield>
    <subfield code="2">UM/M105pos4-7</subfield>
  </datafield>
  <datafield tag="145" ind1="0" ind2=" ">
    <subfield code="a">i</subfield>
  </datafield>
  <datafield tag="152" ind1=" " ind2=" ">
    <subfield code="a">RDA-FR</subfield>
  </datafield>
  <datafield tag="154" ind1=" " ind2=" ">
    <subfield code="a">xa</subfield>
  </datafield>
  <datafield tag="241" ind1=" " ind2="1">
    <subfield code="3">11902797</subfield>
    <subfield code="o">ISNI 0000 0001 2023 6609</subfield>
    <subfield code="a">Finné, Jacques (1944-….)</subfield>
    <subfield code="t">Bibliographie de Dracula </subfield>
    <subfield code="7">ba0yba0y</subfield>
    <subfield code="8">frefre</subfield>
  </datafield>
  <datafield tag="300" ind1=" " ind2=" ">
    <subfield code="a">Notes bibliographiques</subfield>
  </datafield>
  <datafield tag="501" ind1=" " ind2="1">
    <subfield code="3">11902797</subfield>
    <subfield code="7">ba0yba0y</subfield>
    <subfield code="8">frefre</subfield>
    <subfield code="o">ISNI 0000 0001 2023 6609</subfield>
    <subfield code="a">Finné</subfield>
    <subfield code="f">1944-….</subfield>
    <subfield code="4">070</subfield>
  </datafield>
  <datafield tag="600" ind1=" " ind2="0">
    <subfield code="3">11962841</subfield>
    <subfield code="7">ba0yba0y</subfield>
    <subfield code="8">frefre</subfield>
    <subfield code="a">Dracula</subfield>
    <subfield code="c">personnage fictif</subfield>
  </datafield>
  <datafield tag="606" ind1=" " ind2=" ">
    <subfield code="3">11945972</subfield>
    <subfield code="7">ba0yba0y</subfield>
    <subfield code="8">frefre</subfield>
    <subfield code="a">Vampires</subfield>
    <subfield code="3">11996647</subfield>
    <subfield code="a">Dans la littérature</subfield>
    <subfield code="2">rameau</subfield>
  </datafield>
  <datafield tag="606" ind1=" " ind2=" ">
    <subfield code="3">11936508</subfield>
    <subfield code="7">ba0yba0y</subfield>
    <subfield code="8">frefre</subfield>
    <subfield code="a">Littérature</subfield>
    <subfield code="x">Thèmes, motifs</subfield>
  </datafield>
  <datafield tag="608" ind1=" " ind2=" ">
    <subfield code="3">13318324</subfield>
    <subfield code="7">ba0yba0y</subfield>
    <subfield code="8">frefre</subfield>
    <subfield code="a">Bibliographie</subfield>
    <subfield code="2">rameau-Forme</subfield>
  </datafield>
  <datafield tag="640" ind1="0" ind2=" ">
    <subfield code="0">Date de copyright</subfield>
    <subfield code="f">#1986#####</subfield>
  </datafield>
  <datafield tag="676" ind1=" " ind2=" ">
    <subfield code="a">809.930 16</subfield>
    <subfield code="v">23</subfield>
  </datafield>
  <datafield tag="801" ind1=" " ind2="0">
    <subfield code="a">FR</subfield>
    <subfield code="b">FR-751045101</subfield>
    <subfield code="c">20221116</subfield>
  </datafield>
  <datafield tag="810" ind1=" " ind2=" ">
    <subfield code="a">Bibliographie de Dracula / Jacques Finné. – Lausanne :  L’âge d&apos;homme, cop. 1986. – [Texte noté : sans médiation]</subfield>
  </datafield>
</record>