
<record format="UNIMARC" type="Authority">
  <leader>00587nx  h2200181   4500</leader>
  <controlfield tag="001">UMLRM0196</controlfield>
  <datafield tag="100" ind1=" " ind2=" ">
    <subfield code="a">20221116afrey50      ba0</subfield>
  </datafield>
  <datafield tag="101" ind1="0" ind2=" ">
    <subfield code="a">fre</subfield>
  </datafield>
  <datafield tag="102" ind1=" " ind2=" ">
    <subfield code="a">BE</subfield>
  </datafield>
  <datafield tag="104" ind1=" " ind2=" ">
    <subfield code="a">d1986</subfield>
  </datafield>
  <datafield tag="105" ind1=" " ind2=" ">
    <subfield code="a">ba</subfield>
  </datafield>
  <datafield tag="145" ind1="0" ind2=" ">
    <subfield code="a">i</subfield>
    <subfield code="b">axxe</subfield>
  </datafield>
  <datafield tag="152" ind1=" " ind2=" ">
    <subfield code="a">RDA-FR</subfield>
  </datafield>
  <datafield tag="154" ind1=" " ind2=" ">
    <subfield code="a">xb</subfield>
  </datafield>
  <datafield tag="242" ind1=" " ind2="1">
    <subfield code="3">UMLRM0195</subfield>
    <subfield code="7">ba0yba0y</subfield>
    <subfield code="8">frefre</subfield>
    <subfield code="a">Finné, Jacques (1944-….)</subfield>
    <subfield code="t">Bibliographie de Dracula</subfield>
    <subfield code="m">Français</subfield>
    <subfield code="n">Texte noté</subfield>
  </datafield>
  <datafield tag="640" ind1="0" ind2=" ">
    <subfield code="0">Date de copyright</subfield>
    <subfield code="f">#1986#####</subfield>
  </datafield>
  <datafield tag="801" ind1=" " ind2="0">
    <subfield code="a">FR</subfield>
    <subfield code="b">FR-751045101</subfield>
    <subfield code="c">20221116</subfield>
  </datafield>
  <datafield tag="810" ind1=" " ind2=" ">
    <subfield code="a">Bibliographie de Dracula / Jacques Finné. – Lausanne :  L’âge d&apos;homme, cop. 1986. – [Texte noté : sans médiation]</subfield>
  </datafield>
</record>