
<record format="UNIMARC" type="Authority">
  <leader>00722nx  h2200181   4500</leader>
  <controlfield tag="001">UMLRM0198</controlfield>
  <datafield tag="100" ind1=" " ind2=" ">
    <subfield code="a">20221116afrey50      ba0</subfield>
  </datafield>
  <datafield tag="101" ind1="0" ind2=" ">
    <subfield code="a">fre</subfield>
  </datafield>
  <datafield tag="102" ind1=" " ind2=" ">
    <subfield code="a">FR</subfield>
  </datafield>
  <datafield tag="104" ind1=" " ind2=" ">
    <subfield code="a">d2020</subfield>
  </datafield>
  <datafield tag="105" ind1=" " ind2=" ">
    <subfield code="a">ba</subfield>
  </datafield>
  <datafield tag="145" ind1="0" ind2=" ">
    <subfield code="a">i</subfield>
    <subfield code="b">axxe</subfield>
  </datafield>
  <datafield tag="152" ind1=" " ind2=" ">
    <subfield code="a">RDA-FR</subfield>
  </datafield>
  <datafield tag="154" ind1=" " ind2=" ">
    <subfield code="a">xb</subfield>
  </datafield>
  <datafield tag="242" ind1=" " ind2="1">
    <subfield code="3">UMLRM0149</subfield>
    <subfield code="7">ba0yba0y</subfield>
    <subfield code="8">frefre</subfield>
    <subfield code="a">Finné, Jacques (1944-….)</subfield>
    <subfield code="a">Marigny, Jean (1939-....)</subfield>
    <subfield code="t">Dictionnaire des littératures vampiriques</subfield>
    <subfield code="m">Français</subfield>
    <subfield code="n">Texte noté</subfield>
  </datafield>
  <datafield tag="640" ind1="0" ind2=" ">
    <subfield code="0">Date de première publication</subfield>
    <subfield code="f">#2020#####</subfield>
  </datafield>
  <datafield tag="801" ind1=" " ind2="0">
    <subfield code="a">FR</subfield>
    <subfield code="b">FR-751045101</subfield>
    <subfield code="c">20221116</subfield>
  </datafield>
  <datafield tag="810" ind1=" " ind2=" ">
    <subfield code="a">Dictionnaire des littératures vampiriques / Jacques Finné, Jean Marigny ; préface d&apos;Alain Pozzuoli. – Dinan : Terre de brume, 2020. – [Texte noté : sans médiation] . – ISBN 978-2-84362-674-6</subfield>
  </datafield>
</record>
</collection>
